@Book{Ramsey63,
author={N. Ramsey},
title={Molecular Beams},
publisher={Oxford University Press},
year={1963}}

@ARTICLE{Biamonte08,
 author = {J. D. Biamonte and P. J. Love},
 title = {Realizable {H}amiltonians for Universal Adiabatic Quantum Computers},
 journal = {Phys. Rev. A},
 volume = {78},
 pages = {012352},
 year = {2008},
 doi = {10.1103/PhysRevA.78.012352}
}

@ARTICLE{Lu11,
author={D. Lu and N. Xu and R. Xu and H. Chen and J. Gong and X. Peng and J. Du},
title={Simulation of Chemical Isomerization Reaction Dynamics on a NMR Quantum Simulator},
pages={020501},
volume={107},
journal={Phys. Rev. Lett.},
year={2011}
}

@ARTICLE{Pritchett10,
author={E. J. Pritchett and C. Benjamin and A. Galiautdinov and  M. R. Geller and A. T. Sornborger and P. C. Stancil and J. M. Martinis},
title={Quantum Simulation of Molecular Collisions with Superconducting Qubits},
journal={arXiv:1008.0701},
year={2010}
}

@ARTICLE{Wiebe11,
author={N. Wiebe and D. W. Berry and P. Hoyer and B. C. Sanders},
title={Simulating quantum dynamics on a quantum computer},
journal={arXiv:1101.3489},
year={2011}
}

@Article{Siddiqi05,
  title = {Direct Observation of Dynamical Bifurcation between Two Driven Oscillation States of a {J}osephson Junction},
  author = {Siddiqi, I.  and Vijay, R.  and Pierre, F.  and Wilson, C. M. and Frunzio, L.  and Metcalfe, M.  and Rigetti, C.  and Schoelkopf, R. J. and Devoret, M. H. and Vion, D.  and Esteve, D. },
  journal = {Phys. Rev. Lett.},
  volume = 94,
  number = 2,
  pages = 027005,
  numpages = 4,
  year = 2005,
  doi = {10.1103/PhysRevLett.94.027005}
}

@BOOK{Mezard09,
  title = {Information, Physics, and Computation},
  publisher = {Oxford University Press},
  year = {2009},
  author = {Mezard, M. and Montanari, A.}
}
@INPROCEEDINGS{Szegedy04,
  author = {Szegedy, M.},
  title = {Quantum Speed-Up of {M}arkov Chain Based Algorithms},
  booktitle = {Proc. 45th Ann. IEEE Symp. Found. Comput. Sci.},
  year = {2004},
  pages = {32--41}
}
@ARTICLE{Jordan06,
  author = {Stephen P. Jordan and Edward Farhi and Peter W. Shor},
  title = {Error correcting codes for adiabatic quantum computation},
  journal = {Phys. Rev. A},
  volume = {74},
  pages = {052322},
  year = {2006},
}


@ARTICLE{Yung10,
  author = { M.-H. Yung and D. Nagaj and J. D. Whitfield and A. Aspuru-Guzik
	},
  title = {Simulation of Classical Thermal States on a Quantum Computer: A Renormalization
	Group Approach},
  journal = {Phys. Rev. A},
  volume={82},
	  pages={060302(R)},
  year = {2010},
  note={Also see Chapter~\ref{chp:measure}}
}
@BOOK{Hartmann04,
  title = {New Optimization Algorithms in Physics},
  publisher = {{Wiley-VCH}},
  year = {2004},
  author = {A. K. Hartmann and H. Rieger}
}
@BOOK{Floudas00,
  title = {Optimization in Computational Chemistry and Molecular Biology---Local
	and Global Approaches},
  publisher = {Springer},
  year = {2000},
  author = {C. A. Floudas and P. M. Pardalos},
  edition = {1}
}
@ARTICLE{Grover02,
  author = {Lov Grover and Terry Rudolph},
  title = {Creating superpositions that correspond to efficiently integrable
	probability distributions},
  journal = {arXiv:quant-ph/0208112},
  year = {2002}
}


@ARTICLE{Kitaev08,
  author = {A. Kitaev and W. A. Webb},
  title = {Wavefunction preparation and resampling using a quantum computer},
  journal = {arXiv:0801.0342},
  year = {2008}
}
@ARTICLE{Soklakov06,
  author = {A. N. Soklakov and R. Schack},
  title = {Efficient state preparation for a register of quantum bits},
  journal = {Phys. Rev. A},
  year = {2006},
  volume = {73},
  pages = {012307}
}
@ARTICLE{Smirnov07,
  author = {Smirnov, A.Y. and Savel'ev, S. and Mourokh, L.G. and Nori, F.},
  title = {Modelling chemical reactions using semiconductor quantum dots},
  journal = {Europhys. Lett.},
  year = {2007},
  volume = {80},
  pages = {67008}
}
@INPROCEEDINGS{Kaye04,
	author = {P. Kaye and M. Mosca},
	title = {Quantum Networks for Generating Arbitrary Quantum States},
	booktitle = {International Conf. on Quantum Information},
	address={Rochester, NY},
	year = {2004},
}
@BOOK{Kaye07,
  title = {An Introduction to Quantum Computing},
  publisher = {Oxford University Press},
  year = {2007},
  author = {Kaye, P. and Laflamme, R. and Mosca, M.}
}
@ARTICLE{Perdomo11a,
  author = {A. {Perdomo-Ortiz} and M. {Drew-Brook} and N. Dickson
	and G. Rose and A. {Aspuru-Guzik}},
  title = {Experimental realization of a 8-qubit quantum-adiabatic algorithm
	for a lattice protein model: {T}owards optimization on a quantum
	computer},
  journal = {In preparation},
  year = {2011}
}

@ARTICLE{Perdomo11b,
  author = {A. {Perdomo-Ortiz} and B. {O'Gorman} and A. {Aspuru-Guzik}},
  title = {Construction of energy functions for self-avoiding walks and the
	lattice heteropolymer model: {R}esource efficient encoding for quantum
	optimization},
  journal = {In preparation},
  year = {2011}
}



@ARTICLE{Crescenzi98,
  author = {P. Crescenzi and D. Goldman and C. Papadimitriou
	and A. Piccolboni and M. Yannakakis},
  title = {On the Complexity of Protein Folding},
  journal = {J. Comput. Biol.},
  year = {1998},
  volume = {5},
  pages = {597}
}
@ARTICLE{Berger98,
  author = {Berger, B. and Leighton, T.},
  title = {Protein folding in the hydrophobic-hydrophilic ({HP}) model is {NP}-complete},
  journal = {J. Comput. Biol.},
  year = {1998},
  volume = {5},
  pages = {27}
}
@ARTICLE{Hart97,
  author = {W. E. Hart and S. Istrail},
  title = {Robust Proofs of {NP-Hardness} for Protein Folding: General Lattices
	and Energy Potentials},
  journal = {J. Comput. Biol.},
  year = {1997},
  volume = {4},
  pages = {1}
}
@ARTICLE{Amin09B,
  author = {M. H. S. Amin},
  title = {Consistency of the Adiabatic Theorem},
  journal = {Phys. Rev. Lett.},
  year = {2009},
  volume = {102},
  pages = {220401}
}
@ARTICLE{Boixo10,
	author = {S. Boixo and R. D. Somma},
	title = {Necessary condition for quantum adiabatic approximation},
	journal = {Phys. Rev. A},
	year = {2010},
	pages={032308},
	volume={81},
}

@ARTICLE{Amin09C,
	author = {M. H. S. Amin and D. V. Averin and J. A. Nesteroff},
	title = {Decoherence in adiabatic quantum computation},
	journal = {Phys. Rev. A},
	volume = {79},
	pages = {022107},
	year = {2009},
	doi = {10.1103/PhysRevA.79.022107}
}
@Article{Bacon09,
  title = {Adiabatic Gate Teleportation},
  author = {Bacon, D.  and Flammia, S. T.},
  journal = {Phys. Rev. Lett.},
  volume = {103},
  number = {12},
  pages = {120504},
  numpages = {4},
  year = {2009},
  month = {Sep},
  doi = {10.1103/PhysRevLett.103.120504},
  publisher = {American Physical Society}
}

@ARTICLE{Crosson10,
   author = {{Crosson}, I.~J. and {Bacon}, D. and {Brown}, K.~R.},
    title = "{Making classical ground-state spin computing fault-tolerant}",
  journal = {Phys. Rev. E},
archivePrefix = "arXiv",
   eprint = {arXiv:1006.4388},
 primaryClass = "cond-mat.stat-mech",
 keywords = {Classical statistical mechanics, Computational methods in statistical physics and nonlinear dynamics, Phase transitions: general studies, Computational complexity},
     year = 2010,
    month = sep,
   volume = 82,
   number = 3,
    pages = {031106},
      doi = {10.1103/PhysRevE.82.031106},
   adsurl = {http://adsabs.harvard.edu/abs/2010PhRvE..82c1106C},
  adsnote = {Provided by the SAO/NASA Astrophysics Data System}
}
@ARTICLE{Amin09A,
  author = {M. H. S. Amin and V. Choi},
  title = {First-order quantum phase transition in adiabatic quantum computation},
  journal = {Phys. Rev. A},
  year = {2009},
  volume = {80},
  pages = {062326}
}
@article{Farhi08,
	Author = {E. Farhi and J. Goldstone and S. Gutmann},
	Journal = {Theory of Computing},
	Pages = {169-190},
	Publisher = {Theory of Computing},
	Title = {A Quantum Algorithm for the {H}amiltonian {NAND} Tree},
	Volume = {4},
	Year = {2008}}

@ARTICLE{Farhi09,
  author = {E. Farhi and J. Goldstone and D. Gosset and S. Gutmann
	and H. Meyer and P. Shor},
  title = {Quantum Adiabatic Algorithms, Small Gaps, and Different Paths},
  journal={MIT-CTP 4076},
  note = {\href{http://arxiv.org/abs/0909.4766}{\tt arXiv:0909.4766}},
  year = {2009}
}

@UNPUBLISHED{Preskill98,
	author = {J. Preskill},
	title = {Lecture notes for Quantum Computation},
	note = {Available at \href{www.theory.caltech.edu/~preskill/ph229}},
}

@ARTICLE{Meyer96,
	author = {D. A. Mayer},
	title = {From quantum cellular automata to quantum lattice gases},
	journal = {J. Stat. Phys.},
	volume={85},
	pages={551},
	year = {1996},
	otherinfo = {}
}



@ARTICLE{Levi09,
  author = {B. G. Levi},
  title = {Superconducting qubit systems come of age},
  journal = {Phys. Today},
  year = {2009},
  volume = {62},
  pages = {14}
}
@ARTICLE{Moler03,
	author = {C. Moler and C. Van Loan},
	title = {Nineteen Dubious Ways to Compute the Exponential of a Matrix, Twenty-Five Years Later},
	journal = {SIAM Review},
	volume={45},
	pages={1-46},
	year = {2003}
}


@ARTICLE{Levi03,
  author = {L\'evi, B. and Georgeot, B. and Shepelyansky, D. L.},
  title = {Quantum computing of quantum chaos in the kicked rotator model},
  journal = {Phys. Rev. E},
  year = {2003},
  volume = {67},
  pages = {046220}
}
@ARTICLE{Kaminsky04,
  author = {W. M. Kaminsky and S. Lloyd and T. P. Orlando},
  title = {Scalable Superconducting Architecture for Adiabatic Quantum Computation},
  journal = {arXiv:quant-ph/0403090},
  year = {2004}
} 
@ARTICLE{Johnson10,
  author = {M. W. Johnson and P. Bunyk and F. Maibaum and E. Tolkacheva and A. J. Berkley and E. M. Chapple and R. Harris and J. Johansson and T. Lanting and I. Perminov and E. Ladizinsky and T. Oh and G. Rose},
  title = {A scalable control system for a superconducting adiabatic quantum
	optimization processor},
  journal = {Supercond. Sci. Tech.},
  year = {2010},
  volume = {23},
  pages = {065004}
}
@ARTICLE{Harris09,
  author = {R. Harris and T. Lanting and A. J. Berkley and J. Johansson and M.
	W. Johnson and P. Bunyk and E. Ladizinsky and N. Ladizinsky and T.
	Oh and S. Han},
  title = {Compound {J}osephson-junction coupler for flux qubits with minimal
	crosstalk},
  journal = {Phys. Rev. B},
  year = {2009},
  volume = {80},
  pages = {052506}
}
@ARTICLE{Berkley10,
  author = {A. J. Berkley and M. W. Johnson and P. Bunyk and R. Harris and J. Johansson
	and T. Lanting and E. Ladizinsky and E. Tolkacheva and M. H. S Amin
	and G. Rose},
  title = {A scalable readout system for a superconducting adiabatic quantum
	optimization system},
  journal = {Supercond. Sci. Technol.},
volume={23},
	pages={105014},
  year = {2010}
}
@ARTICLE{Lanting10,
  author = {T. Lanting and R. Harris and J. Johansson and M. H. S. Amin and A.
	J. Berkley and S. Gildert and M. W. Johnson and P. Bunyk and E. Tolkacheva
	and E. Ladizinsky and N. Ladizinsky and T. Oh and I. Perminov and
	E. M Chapple and C. Enderud and C. Rich and B. Wilson and M. C Thom
	and S. Uchaikin and G. Rose},
  title = {Observation of Co-tunneling in Pairs of Coupled Flux Qubits},
  journal = {Phys. Rev. B},
  volume={82},
  pages={060512},
  year = {2010}
}


@ARTICLE{Blatt08,
  author = {R. Blatt and D. Wineland},
  title = {Entangled states of trapped atomic ions},
  journal = {Nature},
  year = {2008},
  volume = {453},
  pages = {1008}
}
@ARTICLE{Harris10a,
  author = {R. Harris and J. Johansson and A. J. Berkley and M. W. Johnson and
	T. Lanting and Siyuan Han and P. Bunyk and E. Ladizinsky and T. Oh
	and I. Perminov and E. Tolkacheva and S. Uchaikin and E. M. Chapple
	and C. Enderud and C. Rich and M. Thom and J. Wang and B. Wilson
	and G. Rose},
  title = {Experimental demonstration of a robust and scalable flux qubit},
  journal = {Phys. Rev. B},
  year = {2010},
  volume = {81},
  pages = {134510}
}

@ARTICLE{Harris10b,
  author = {R. Harris and M. W Johnson and T. Lanting and A. J Berkley and J.
	Johansson and P. Bunyk and E. Tolkacheva and E. Ladizinsky and N.
	Ladizinsky and T. Oh and F. Cioata and I. Perminov and P. Spear and
	C. Enderud and C. Rich and S. Uchaikin and M. C Thom and E. M Chapple
	and J. Wang and B. Wilson and M. H. S. Amin and N. Dickson and K.
	Karimi and B. Macready and C. J. S. Truncik and G. Rose},
  title = {Experimental Investigation of an Eight Qubit Unit Cell in a Superconducting
	Optimization Processor},
  journal = {Phys. Rev. B},
  year = {2010},
  volume = {82},
  pages = {024511}
}

@ARTICLE{Pande00,
  author = {V. S. Pande and A. Yu. Grosberg and T. Tanaka},
  title = {Heteropolymer freezing and design: {T}owards physical models of protein
	folding},
  journal = {Rev. Mod. Phys.},
  year = {2000},
  volume = {72},
  pages = {259}
}
@ARTICLE{Epstein63,
  author = {Epstein, C. J. and Goldberger, R. F. and Anfinsen, C. B.},
  title = {Genetic control of tertiary protein structure - studies with model
	systems},
  journal = {Cold Spring Harb. Sym.},
  year = {1963},
  volume = {28},
  pages = {439}
}
@BOOK{Kolinski96,
  title = {Lattice Models of Protein Folding, Dynamics and Thermodynamics},
  publisher = {Chapman \& Hall},
  year = {1996},
  author = {A. Kolinski and J. Skolnick}
}
@ARTICLE{Mirny01,
  author = {L. Mirny and E. Shakhnovich},
  title = {Protein folding theory: from lattice to all-atom models},
  journal = {Ann. Rev. Biophys. Bio.},
  year = {2001},
  volume = {30},
  pages = {361--396}
}
@ARTICLE{Lau89,
  author = {Lau, K. F. and Dill, K. A.},
  title = {A Lattice Statistical-Mechanics Model Of The Conformational And Sequence-Spaces
	Of Proteins},
  journal = {Macromol.},
  year = {1989},
  volume = {22},
  pages = {3986}
}

@ARTICLE{Dill08,
  author = {K. A. Dill and S. B. Ozkan and M. S. Shell and T. R. Weikl},
  title = {The protein folding problem},
  journal = {Ann. Rev. Biophys.},
  year = {2008},
  volume = {37},
  pages = {289}
}
@ARTICLE{Choi10,
  author = {V. Choi},
  title = {Adiabatic Quantum Algorithms for the {NP-complete} Maximum-Weight
	Independent Set, Exact Cover and {3-SAT} Problems},
  journal = {arXiv:1004.2226},
  year = {2010}
}
@ARTICLE{Neven09,
  author = {H. Neven and V. S Denchev and G. Rose and W. G.
	Macready},
  title = {Training a Large Scale Classifier with the Quantum Adiabatic Algorithm},
  journal = {arXiv:0912.0779},
  year = {2009}
}

@ARTICLE{Neven08,
  author = {H. Neven and G. Rose and W. G. Macready},
  title = {Image recognition with an adiabatic quantum computer. {I}: Mapping
	to quadratic unconstrained binary optimization},
  journal = {arXiv:0804.4457},
  year = {2008}
}
@ARTICLE{Hogg03,
  author = {T. Hogg},
  title = {Adiabatic quantum computing for random satisfiability problems},
  journal = {Phys. Rev. A},
  year = {2003},
  volume = {67},
  pages = {022314}
}
@ARTICLE{Kok07,
  author = {P. Kok and W. J. Munro and K. Nemoto and T. C. Ralph and J.
	P. Dowling and G. J. Milburn},
  title = {Linear optical quantum computing with photonic qubits},
  journal = {Rev. Mod. Phys.},
  year = {2007},
  volume = {79},
  pages = {135}
}
@ARTICLE{Kohn99,
  author = {Kohn, W.},
  title = {Nobel Lecture: {E}lectronic structure of matter---wave functions
	and density functionals},
  journal = {Rev. Mod. Phys.},
  year = {1999},
  volume = {71},
  pages = {1253--1266}
}

@ARTICLE{OBrien07,
  author = {Jeremy L. {O'Brien}},
  title = {Optical Quantum Computing},
  journal = {Science},
  year = {2007},
  volume = {318},
  pages = {1567}
}
@ARTICLE{Hofheinz09,
  author = {Max Hofheinz and H. Wang and M. Ansmann and Radoslaw C. Bialczak
	and Erik Lucero and M. Neeley and A. D. {O'Connell} and D. Sank and
	J. Wenner and John M. Martinis and A. N. Cleland},
  title = {Synthesizing arbitrary quantum states in a superconducting resonator},
  journal = {Nature},
  year = {2009},
  volume = {459},
  pages = {546}
}


@ARTICLE{Cirac95,
  author = {J. I. Cirac and P. Zoller},
  title = {Quantum Computations with Cold Trapped Ions},
  journal = {Phys. Rev. Lett.},
  year = {1995},
  volume = {74},
  pages = {4091}
}
@ARTICLE{Dicarlo09,
  author = {L. {DiCarlo} and J. M. Chow and J. M. Gambetta and Lev S. Bishop
	and B. R. Johnson and D. I. Schuster and J. Majer and A. Blais and
	L. Frunzio and S. M. Girvin and R. J. Schoelkopf},
  title = {Demonstration of two-qubit algorithms with a superconducting quantum
	processor},
  journal = {Nature},
  year = {2009},
  volume = {460},
  pages = {240--244}
}


@ARTICLE{Gerritsma10,
  author = {R. Gerritsma and G. Kirchmair and F. Z{\"a}hringer and E. Solano
	and R. Blatt and C. F. Roos},
  title = {Quantum Simulation of the {D}irac Equation},
  journal = {Nature},
  year = {2010},
  volume = {463},
  pages = {68}
}

@ARTICLE{Kim10,
  author = {K. Kim and M.-S. Chang and S. Korenblit and R. Islam and E. E. Edwards and J. K. Freericks and G.-D. Lin and L.-M. Duan and C. Monroe},
  title = {Quantum Simulation of Frustrated {I}sing Spins with Trapped Ions},
  journal = {Nature},
  year = {2010},
  volume = {465},
  pages = {590-593}
}

@ARTICLE{Lovett10,
  author = {N. B. Lovett and S. Cooper and M. Everitt and M. Trevers and V. Kendon},
  title = {Universal quantum computation using discrete time quantum walk},
  journal = {Phys. Rev. A},
  year = {2010},
  volume = {81},
  pages = {042330}
}
@ARTICLE{Kitaev03,
  author = {A. Kitaev},
  title = {Fault-tolerant quantum computation by anyons},
  journal = {Ann. Phys.},
  year = {2003},
  volume = {303},
  pages = {2}
}
@ARTICLE{Baugh07,
  author = {J. Baugh and J. Chamilliard and C. M Chandrashekar and M. Ditty and
	A. Hubbard and R. Laflamme and M. Laforest and D. Maslov and O. Moussa
	and C. Negrevergne and M. Silva and S. Simmons and C. A Ryan and
	D. G Cory and J. S Hodges and C. Ramanathan},
  title = {Quantum information processing using nuclear and electron magnetic
	resonance: {R}eview and prospects},
  journal = {Physics in Canada},
  year = {2007},
  volume = {63},
  pages = {197-206}
}
@article{Gorini76,
	Author = {Gorini, V. and Kossakokowski, A. and Sudarshan, E~C~G.},
	Journal = {J. Math. Phys},
	Pages = {821},
	Title = {Completely positive dynamical semigroups of n-level systems},
	Volume = {17},
	Year = {1976}}
@article{Lindblad76,
	Author = {Lindblad, G.},
	Journal = {Commun. Math. Phys},
	Pages = {119},
	Title = {On the generators of Quantum Dynamical Semigroups},
	Volume = {48},
	Year = {1975}}
@article{Kossakowski72,
	Author = {Kossakowski, A.},
	Date-Modified = {2008-04-01 23:12:05 -0500},
	Journal = {Rep. Math. Phys},
	Pages = {247},
	Title = {On Quantum Statistical Mechanics of Non-{H}amiltonian Systems},
	Volume = {3},
	Year = {1972}}
@article{Rebentrost09,
	Author = {P. Rebentrost and M. Mohseni and I. Kassal and S. Lloyd and A. Aspuru-Guzik},
	Date-Added = {2009-02-18 12:06:43 -0500},
	Date-Modified = {2009-02-18 12:08:36 -0500},
	Journal = {New Journal of Physics},
	Pages = {033003},
	Title = {Environment-Assisted Quantum Transport},
	Volume = {11},
	Year = {2009}}





@ARTICLE{Knill07,
  author = {E. Knill and G. Ortiz and R. Somma},
  title = {Optimal quantum measurements of expectation values of observables},
  journal = {Phys. Rev. A},
  year = {2007},
  volume = {75},
  pages = {012328}
}


@ARTICLE{Giovannetti04,
  author = {V. Giovannetti and S. Lloyd and L. Maccone},
  title = {Quantum-Enhanced Measurements: {B}eating the Standard Quantum Limit},
  journal = {Science},
  year = {2004},
  volume = {306},
  pages = {1330}
}


@BOOK{Tannor06,
  title = {Introduction to Quantum Mechanics: A Time-Dependent Perspective},
  publisher = {University Science Books},
  year = {2006},
  author = {D. J. Tannor}
}
@ARTICLE{Strini02,
  author = {Strini, G.},
  title = {Error Sensitivity of a Quantum Simulator. {I}: {A} First Example},
  journal = {Fortsch. Phys.},
  year = {2002},
  volume = {50},
  pages = {171--183}
}
@ARTICLE{Kosloff83,
  author = {D. Kosloff and R. Kosloff},
  title = {A {F}ourier method solution for the time dependent {S}chr{\"o}dinger
	equation as a tool in molecular dynamics},
  journal = {J. Comput. Phys.},
  year = {1983},
  volume = {51},
  pages = {35}
}
@ARTICLE{Boghosian98,
  author = {Bruce M. Boghosian and Washington Taylor},
  title = {Simulating quantum mechanics on a quantum computer},
  journal = {Physica D},
  year = {1998},
  volume = {120},
  pages = {30 - 42}
}
@ARTICLE{Lidar97,
  author = {D. A. Lidar and O. Biham},
  title = {Simulating {I}sing spin glasses on a quantum computer},
  journal = {Phys. Rev. E},
  year = {1997},
  volume = {56},
  pages = {3661}
}

@article{Lidar08,
author = {D. A. Lidar},
title = {Towards Fault Tolerant Adiabatic Quantum Computation},
year = {2008},
journal = {Phys. Rev. Lett.},
volume = {100},
number = {17},
pages = {160506},
doi = {10.1103/PhysRevLett.100.160506}
}
@ARTICLE{Davidson72,
  author = {Ernest Davidson},
  title = {Properties and Uses of Natural Orbitals},
  journal = {Rev. Mod. Phys.},
  year = {1972},
  volume = {44},
  pages = {451--464}
}
@ARTICLE{Schack06,
  author = {R{\"u}diger Schack},
  title = {Simulation on a quantum computer},
  journal = {Informatik - Forschung und Entwicklung},
  year = {2006},
  volume = {21},
  pages = {21--27}
}
@ARTICLE{Tong07,
  author = {D. M. Tong and K. Singh and L. C. Kwek and C. H. Oh},
  title = {Sufficiency Criterion for the Validity of the Adiabatic Approximation},
  journal = {Phys. Rev. Lett.},
  year = {2007},
  volume = {98},
  pages = {150402}
}

@BOOK{Arora09,
  title = {Computational Complexity: A Modern Approach},
  publisher = {Cambridge University Press},
  year = {2009},
  author = {S. Arora and B. Barak}
}


@ARTICLE{Tong10,
  author = {D. M. Tong},
  title = {Quantitative Condition is Necessary in Guaranteeing the Validity
	of the Adiabatic Approximation},
  journal = {Phys. Rev. Lett.},
  year = {2010},
  volume = {104},
  pages = {120401}
}
@BOOK{Messiah99,
  title = {Quantum Mechanics},
  publisher = {Dover Publications},
  year = {1999},
  author = {A. Messiah}
}

@ARTICLE{Raussendorf03,
  author = {R. Raussendorf and D. E. Browne and H. J. Briegel},
  title = {Measurement-based quantum computation on cluster states},
  journal = {Phys. Rev. A},
  year = {2003},
  volume = {68},
  pages = {022312}
}

@ARTICLE{Deutsch89,
  author = {D. Deutsch},
  title = {Quantum Computational Networks},
  journal = {Proc. Roy. Soc. A},
  year = {1989},
  volume = {425},
  pages = {73}
}
@BOOK{Null03,
  title = {The essentials of computer organization and architecture},
  publisher = {Jones \& Bartlett Publishers},
  year = {2003},
  author = {Null, L. and Lobur, J.}
}

@ARTICLE{Mizel07,
  author = {Mizel, A. and Lidar, D. A. and Mitchell, M.},
  title = {Simple Proof of Equivalence between Adiabatic Quantum Computation
	and the Circuit Model},
  journal = {Phys. Rev. Lett.},
  year = {2007},
  volume = {99},
  pages = {070502}
}
@ARTICLE{Clementi97,
	author = {E. Clementi and G. Corongiu},
	title = {Note on the atomic correlation energy},
	journal = {Int. J. Quant. Chem.},
	volume = {62},
	pages = {571-591},
	year = {1997},
}

@ARTICLE{Heller81,
	author = {E.J. Heller},
	title = {The Semiclassical Way to Molecular Spectroscopy},
	journal={Acc. Chem. Res.},
	year = {1981},
	volume={14},
	pages={368-375}
}

@ARTICLE{Zwanzig65,
	author = {R. Zwanzig},
	title = {Time-Correlation Functions and Transport Coefficients in Statistical Mechanics},
	journal = {Ann. Rev. Phys. Chem.},
	year = {1965},
	volume = {16},
	pages={67}
}

@ARTICLE{Feit82,
	author = {M.D. Feit and J.A. Fleck, Jr. and A. Steiger },
	title = {Solution of the {S}chr\"odinger equation by a spectral method},
	journal = {J. Comp. Phys.},
	year = {1982},
	volume={47 },
	pages={412}
}

@ARTICLE{Ceotto09,
	author = {M. Ceotto, S. Atahan and G. F. Tantardini and A. Aspuru-Guzik},
	title = {Multiple coherent states for first-principles semiclassical initial value representation molecular dynamics},
	journal={J. Chem. Phys.},
	volume={130},
	pages={234113},
	year = {2009},
	otherinfo = {}
}



@ARTICLE{SSMN07,
	author = {A. Yu. Smirnovand, S. Savel'evand, L. G. Mourokhand, F. Nori},
	title = {Modelling chemical reactions using semiconductor quantum dots},
	journal = {Europhys. Lett.},
	volume = {80},
	pages = {67008},
	year = {2007},
}
@ARTICLE{Fan09,
	author = {Y. Fan},
	title = {A Quantum Algorithm for Molecular Dynamics Simulation},
	journal = {arxiv:0901.4163},
	year = {2009},
}



@inproceedings{Beals98,
  author    = {R. Beals and
               H. Buhrman and
               R. Cleve and
               M. Mosca and
               R. de Wolf},
  title     = {Quantum Lower Bounds by Polynomials},
  booktitle = {Proceedings of FOCS' 98},
  year      = {1998},
  pages     = {352-361},
preprint="also see, arXiv:quant-ph/9802049",
 	url={also see, http://arxiv.org/abs/quant-ph/9802049},
}

Talks about the other Hamiltonians

   J. Magn. Reson. 135, 353-360 (1998). LANL e-print quant-ph/9805070.

@ARTICLE{JHM98,
  AUTHOR =       {J. A. Jones and R. H. Hansen and M. Mosca},
  TITLE =        {Quantum Logic Gates and Nuclear Magnetic Resonance Pulse Sequences},
  journal =      {J. Magn. Reson.},
  YEAR =         {1998},
  volume =       {135},
  pages =        {353-360},
  note =         {quant-ph/9805070}
}
Phys. Rev. A 78, 042336 (2008) [8 pages]
@ARTICLE{Wocjan08,
	author = {P. Wocjan and A. Abeyesinghe},
	title={Speedup via quantum sampling},
	journal ={Phys. Rev. A},
	volume={78},
	pages={042336},
	year={2008}
}


@ARTICLE{Somaroo99,
	author = {S. Somaroo and  C. H. Tseng and  T. F. Havel and  R. Laflamme and  D. G. Cory} , 
	journal = {Phys. Rev. Lett.},
	title={Quantum Simulations on a Quantum Computer},
	volume="82",
	pages={5381-5384},
	year = {1999},
}





@ARTICLE{DBB08,
	author = {W. D{\"u}r and M. J. Bremner and H. J. Briegel},
	title = {Quantum simulation of interacting high–dimensional systems: The influence of noise},
	journal ={Phys. Rev. A},
	journal ={Physical Review A},
	volume={78},
	pages={052325},
	year =  {2008}
}


@ARTICLE{MN08,
	author = {S. Morita and H. Nishimori},
	title = {Mathematical Foundations of Quantum Annealing},
	journal = {arXiv:0806.1859},
	year = {2008}
}




Formerly NSOK+05
@article{Negrevergne05,
	author = {C. Negrevergne and R. Somma and  G. Ortiz and  E. Knill and  R. Laflamme},
	title = {Liquid-state {NMR} simulations of quantum many-body problems},
	journal = {Phys. Rev. A},
	volume={71},
	pages={032344},
	year = {2005},
}




@Article{Fey86,
	author  = "R. P. Feynman",
	title   = "Quantum Mechanical Computers",
	journal = "Foundations of Phys.",
	volume  = "16",
	pages  	= "507",
	year	= "1986"
}

@BOOK{CTQM,
	author = {C. Cohen-Tannoudji and B. Du and F. Lalo\"e},
	title = {Quantum Mechanics},
	publisher = {Wiley-Interscience},
	year = {2006},
}


@Article{Parker00,
	author="Parker, S. and Plenio, M.",
	journal="Phys. Rev. Lett.",
	year="2000",
	title={Efficient Factorization with a Single Pure Qubit and log {N} Mixed Qubits},
	volume="85",
	pages="3049",
	keywords="phase estimation",
	abstract="Single Qubit",
}
@Article{jordan2009,
  author = {S. P. Jordan},
  title = {Permutational Quantum Computing},
  journal = {ar{X}iv.org:0906.2508},
  year = {2009}
}

@incollection{Watrous09,
	author = {J. Watrous},
	title = {Quantum computational complexity},
	booktitle = {Encyclopedia of Complexity and System Science},
	publisher = {Springer Berlin},
	year = {2009},
note = {also see arXiv:quant-ph/0804.3401},
}

@ARTICLE{Cleveland76,
	author = {C. L. Cleveland and R. {Medina A.}},
	title = {Obtaining a {H}eisenberg  {H}amiltonian from the {H}ubbard Model},
	journal = {Am. J. Phys.},
	year = {1976},
	volume={44},
	pages={44},
}


@Book{Nielsen00,
	author="Nielsen, M. and Chuang, I.",
	title="Quantum Computation and Quantum Information",
	publisher={Cambridge University Press},
	year="2001",
	keywords="quantum simulation",
	keywords="quantum computation (general)",
}
@article{Rassolov08,
author = {Rassolov, V. A. and Garashchuk, S.},
doi = {10.1016/j.cplett.2008.09.026},
issn = {00092614},
title={Computational complexity in quantum chemistry},
journal = {Chem. Phys. Lett.},
pages = {262--264},
volume = {464},
year = {2008}
}


@ARTICLE{Platzman99,
	author = {P. M. Platzman and M. I. Dykman},
	title = {Quantum Computing with Electrons Floating on Liquid Helium},
	journal = {Science},
	volume={284},
	pages={1967},
	year = {1999},
	otherinfo = {}
}


@Article{Jaksch00,
  title = {Fast Quantum Gates for Neutral Atoms},
  author = {Jaksch, D.  and Cirac, J. I. and Zoller, P.  and Rolston, S. L. and C\^ot\'e, R.  and Lukin, M. D.},
  journal = {Phys. Rev. Lett.},
  volume = {85},
  number = {10},
  pages = {2208},
  numpages = {3},
  year = {2000},
  month = {Sep},
  doi = {10.1103/PhysRevLett.85.2208},
  publisher = {American Physical Society}
}

@ARTICLE{Aaronson08,
	author = {S. Aaronson},
	title = {The Limits of Quantum Computers},
	journal = {Sci. Am.},
	year = {2008},
	issue={March},
	pages={62}
}
@BOOK{Levine06,
	author = {I. Levine},
	title = {Quantum Chemistry},
	publisher = {Prentice-Hall},
	year = {2006},
}
@ARTICLE{Levine07,
  author = {B. G. Levine and T. J. Mart{\'i}nez},
  title = {Isomerization Through Conical Intersections},
  journal = {Ann. Rev. Phys. Chem.},
  year = {2007},
  volume = {58},
  pages = {613}
}
@article{Barahona82,
author = {Barahona, F},
file = {:home/jdw/Desktop/0305-4470\_15\_10\_028.pdf:pdf},
journal = {J. Phys. A: Math. Gen.},
pages = {3241},
title = {{On the computational complexity of {I}sing spin glass models}},
volume = {15},
year = {1982}
}




@ARTICLE{Coulson60,
	author = {C. A. Coulson},
	title = {Present State of Molecular Structure Calculations},
	journal = {Rev. Mod. Phys.},
	volume={32},
	pages={170},
	year = {1960},
	otherinfo = {}
}
@ARTICLE{Hohenberg64,
	author = {P. Hohenberg and W. Kohn},
	title = {Inhomogeneous Electron Gas},
	journal = {Phys Rev},
	year = {1964},
	volume = {136},
	pages={B864}
}

@ARTICLE{Kohn65,
	author = {W. Kohn and L. J. Sham},
	title = {Self-Consistent Equations Including Exchange and Correlation Effects},
	journal = {Phys. Rev.},
	year = {1965},
	volume={140},
	pages={1133}
}
@ARTICLE{Voorhis00,
  author = {T. Van Voorhis and M. {Head-Gordon}},
  title = {Benchmark variational coupled cluster doubles results},
  journal = {J. Chem. Phys.},
  year = {2000},
  volume = {113},
  pages = {8873}
}
@ARTICLE{Poulin09,
  author = {Poulin, D. and Wocjan, P.},
  title = {Preparing Ground States of Quantum Many-Body Systems on a Quantum
	Computer},
  journal = {Phys. Rev. Lett.},
  year = {2009},
  volume = {102},
  pages = {130503}
}
@ARTICLE{Johanning09,
  author = {M. Johanning and A. F. Var\'on and C. Wunderlich},
  title = {Quantum simulations with cold trapped ions},
  journal = {J. Phys. B.},
  year = {2009},
  volume = {42},
  pages = {154009}
}


@ARTICLE{Poulin09a,
  author = {D. Poulin and P. Wocjan},
  title = {Sampling from the Thermal Quantum {G}ibbs State and Evaluating Partition
	Functions with a Quantum Computer},
  journal = {Phys. Rev. Lett.},
  year = {2009},
  volume = {103},
  pages = {220502}
}


@ARTICLE{Lee06,
  author = {P. A. Lee and N. Nagaosa and X.-G. Wen},
  title = {Doping a {M}ott insulator: {P}hysics of high-temperature superconductivity},
  journal = {Rev. Mod. Phys.},
  year = {2006},
  volume = {78},
  pages = {17}
}
@ARTICLE{Poulin11,
	 title = {Quantum Simulation of Time-Dependent Hamiltonians and the Convenient Illusion of {H}ilbert Space},
  author = {Poulin, D.  and Qarry, A.  and Somma, R.  and Verstraete, F. },
  journal = {Phys. Rev. Lett.},
  volume = {106},
  number = {17},
  pages = {170501},
  year = {2011},
  doi = {10.1103/PhysRevLett.106.170501},
  publisher = {American Physical Society}
}


@ARTICLE{Papageorgiou10,
   author = {{Papageorgiou}, A. and {Zhang}, C.},
    title = "On the Efficiency of Quantum Algorithms for {H}amiltonian Simulation",
  journal = {ArXiv e-prints},
archivePrefix = "arXiv",
   eprint = {1005.1318},
 primaryClass = "quant-ph",
 keywords = {Quantum Physics},
     year = 2010,
    month = may,
   adsurl = {http://adsabs.harvard.edu/abs/2010arXiv1005.1318P},
  adsnote = {Provided by the SAO/NASA Astrophysics Data System}
}
@ARTICLE{Wiebe10,
	author = {N. Wiebe and D. Berry and P. H\o yer and B. C. Sanders},
	title = {Higher order decompositions of ordered operator exponentials},
	journal = {J. Phys. A: Math. Theor.},
	pages={065203},
	volume={43},
	year = {2010},
	otherinfo = {}
}
@INPROCEEDINGS{vanDam01,
	author = {W. van Dam and M. Mosca, and U. Vazirani},
	title = {How Powerful is Adiabatic Quantum Computation?},
	booktitle = {Proceedings of the 42nd Symposium on Foundations of Computer Science},
	pages={279-287},
	year = {2001},
	otherinfo = {}
	}


@ARTICLE{Runge84,
	author = {E. Runge and E. K. U. Gross},
	title = {Density-Functional Theory for Time-Dependent Systems},
	journal = {Phys. Rev. Lett.},
	volume={52},
	pages={997},
	year = {1984},
	otherinfo = {}
}

@ARTICLE{Aharonov03,
	author = {D. Aharonov and O. Regev},
	title = {A Lattice Problem in Quantum {NP}},
	journal = {arxiv:quant-ph/0307330},
	year = {2003},
	note = {}
}

@article{Brown10complexity,
author = {B. Brown and S. T. Flammia and  N. Schuch},
journal={Phys. Rev. Lett.},
volume={ 107},
pages={ 040501},
year={2011},
title={Computational Difficulty of Computing the Density of States},
}
@article{Kay07,
author = {Kay, Alastair},
doi = {10.1103/PhysRevA.76.030307},
file = {:home/jdw/.local/share/data/Mendeley Ltd./Mendeley Desktop/Downloaded/Kay - 2007 - Quantum-Merlin-Arthur-complete translationally invariant Hamiltonian problem and the complexity of finding ground-state energies in physical systems.pdf:pdf},
journal = {Physical Review A},
pages = {1--4},
title = {{Quantum-Merlin-Arthur-complete translationally invariant Hamiltonian problem and the complexity of finding ground-state energies in physical systems}},
year = {2007}
}

@article{Deutsch85,
author = {Deutsch, D.},
doi = {10.1098/rspa.1985.0070},
file = {:home/jdw/Documents/Mendeley Desktop/Proceedings of the Royal Society A Mathematical, Physical and Engineering Sciences/1985/Deutsch/Deutsch - 1985 - Quantum Theory, the Church-Turing Principle and the Universal Quantum Computer.pdf:pdf},
issn = {1364-5021},
journal = {Proc. R. Soc. A},
month = jul,
number = {1818},
pages = {97--117},
title = {Quantum Theory, the {C}hurch-{T}uring Principle and the Universal Quantum Computer},
url = {http://rspa.royalsocietypublishing.org/cgi/doi/10.1098/rspa.1985.0070},
volume = {400},
year = {1985}
}

@article{Aaronson09,
author = {Aaronson, Scott},
doi = {10.1038/nphys1415},
file = {:home/jdw/.local/share/data/Mendeley Ltd./Mendeley Desktop/Downloaded/Aaronson - 2009 - Computational complexity Why quantum chemistry is hard.pdf:pdf},
issn = {1745-2473},
journal = {Nature Phys.},
keywords = {Computational complexity,DFT,Ground state,Hamiltonian complexity,QMA},
mendeley-tags = {Computational complexity,DFT,Ground state,Hamiltonian complexity,QMA},
pages = {707},
url = {http://www.nature.com/doifinder/10.1038/nphys1415},
volume = {5},
year = {2009}
}

@BOOK{Werschulz91,
	author = {A. G. Werschulz},
	title = {The Computational Complexity of Differntial and Integeral Equations},
	publisher = {Oxford Science Publications},
	year = {1991},
	otherinfo = {}
}

@ARTICLE{Heinrich06,
	author = {S. Heinrich},
	title = {The quantum query complexity of elliptic PDE},
	journal = {J. Complexity},
	year = {2006},
	pages={691},
	volume={22}
}
@ARTICLE{Heinrich06a,
	author = {S. Heinrich},
	title = {The randomized information complexity of elliptic PDE},
	journal = {J. Complexity},
	year = {2006},
	pages={220},
	volume={22}
}

@article{Troyer05,
author = {Troyer, M. and Wiese, U.-J.},
isbn = {0031-9007},
title={Computational Complexity and Fundamental Limitations to Fermionic Quantum {M}onte {C}arlo Simulations},
journal = {Phys. Rev. Lett.},
pages = {170201},
volume = {94},
year = {2005}
}

@article{Leeuwen99,
author = {van Leeuwen, R.},
doi = {10.1103/PhysRevLett.82.3863},
file = {:home/jdw/Documents/Mendeley Desktop/Physical Review Letters/1999/van Leeuwen/van Leeuwen - 1999 - Mapping from Densities to Potentials in Time-Dependent Density-Functional Theory.pdf:pdf},
issn = {0031-9007},
journal = {Phys. Rev. Lett.},
month = may,
number = {19},
pages = {3863--3866},
title = {{Mapping from Densities to Potentials in Time-Dependent Density-Functional Theory}},
url = {http://link.aps.org/doi/10.1103/PhysRevLett.82.3863},
volume = {82},
year = {1999}
}

@article{Schuch09,
author = {Schuch, Norbert and Verstraete, Frank},
file = {:home/jdw/.local/share/data/Mendeley Ltd./Mendeley Desktop/Downloaded/Schuch, Verstraete - 2009 - Computational complexity of interacting electrons and fundamental limitations of density functional theory.pdf:pdf},
isbn = {1745-2473},
journal = {Nature Phys.},
pages = {732},
volume={5},
url = {//www.nature.com/doifinder/10.1038/nphys1370 http},
year = {2009},
title = {{Computational Complexity of interacting electrons and fundamental limitations of density functional theory}},
note={Also see appendix of arxiv:0712.0483}
}

@article{Schuch07,
abstract = {One of the central problems in quantum mechanics is to determine the ground state properties of a system of electrons interacting via the Coulomb potential. Since its introduction by Hohenberg, Kohn, and Sham, Density Functional Theory (DFT) has become the most widely used and successful method for simulating systems of interacting electrons, making their original work one of the most cited in physics. In this letter, we show that the field of computational complexity imposes fundamental limitations on DFT, as an efficient description of the associated universal functional would allow to solve any problem in the class QMA (the quantum version of NP) and thus particularly any problem in NP in polynomial time. This follows from the fact that finding the ground state energy of the Hubbard model in an external magnetic field is a hard problem even for a quantum computer, while given the universal functional it can be computed efficiently using DFT. This provides a clear illustration how the field of quantum computing is useful even if quantum computers would never be built.},
arxivId = {0712.0483},
author = {Schuch, Norbert and Verstraete, Frank},
doi = {10.1038/nphys1370},
file = {:home/jdw/.local/share/data/Mendeley Ltd./Mendeley Desktop/Downloaded/Schuch, Verstraete - 2007 - Computational Complexity of interacting electrons and fundamental limitations of Density Functional Theory.pdf:pdf},
keywords = {Quantum Physics},
month = dec,
pages = {8},
url = {http://arxiv.org/abs/0712.0483},
year = {2007}
}
@BOOK{Sipser97,
	author = {M. Sipser},
	editor = {},
	title = {Introduction to the Theory of Computation},
	publisher = {PWS Publishing Company},
	year = {1997},
	otherinfo = {}
}





@ARTICLE{Bernstein93,
	author = {E. Bernstein and U. Vazirani},
	title = {Quantum Complexity Theory},
	journal = {Proc. STOC' 93},
	year = {1993},
	pages={11}
}


@BOOK{Weschulz91,
	author = {A. G. Werschulz},
	title = {The Computational Complexity of Differential and Integral Equations: An information-based approach},
	publisher = {Oxford University Press},
	year = {1991},
}


@article{Li08,
abstract = {We study the mapping between time-dependent densities and potentials for noninteracting electronic systems on lattices. As discovered recently by Baer [J. Chem. Phys. 128, 044103 (2008)], there exist well-behaved time-dependent density functions on lattices which cannot be associated with any real time-dependent potential. This breakdown of time-dependent V-representability can be tracked down to problems with the continuity equation which arise from discretization of the kinetic-energy operator. Examples are given for lattices with two points and with N points, and implications for practical numerical applications of time-dependent density-functional theory are discussed. In the continuum limit, time-dependent noninteracting V-representability is restored.},
author = {Li, Yonghui and Ullrich, C a},
doi = {10.1063/1.2955733},
file = {:home/jdw/Documents/Mendeley Desktop/The Journal of chemical physics/2008/Li, Ullrich/Li, Ullrich - 2008 - Time-dependent V-representability on lattice systems.pdf:pdf},
issn = {1089-7690},
journal = {The Journal of chemical physics},
month = jul,
number = {4},
pages = {044105},
pmid = {18681632},
title = {{Time-dependent V-representability on lattice systems.}},
url = {http://www.ncbi.nlm.nih.gov/pubmed/18681632},
volume = {129},
year = {2008}
}



@ARTICLE{Istrail00,
	author={S. Istrail},
	title = {Statistical Mechanics, Three-Dimensionality and {NP}-completeness},
	journal ={Proc. 32nd ACM Symp. on Theory of Comp. (STOC '00)},
	year = {2000},
	pages={87}
}
@ARTICLE{Grover96,
	author = {L. K. Grover},
	title ={A fast quantum mechanical algorithm for database search},
	journal ={Proc. 28th ACM Symp. on Theory of Comp. (STOC '96)},
	year = {1996},
	pages={212},
	note={Also see arxiv:quant-ph/9605043}
}
@ARTICLE{Childs07,
	author = {A. M. Childs and A. J. Landahl and P. A. Parrilo},
	title = {Quantum Algorithm for ordered search problem via semidefinite programming},
	journal = {Phys. Rev. A},
	year = {2007},
	volume={75},
	pages={032335}
}

@ARTICLE{Brassard00,
	author = {G. Brassard and P. Hoyer and M. Mosca and A. Tapp},
	title = {Quantum Amplitude Amplification and Estimation},
	journal = {arxiv:quant-ph/0005055},
	year = {2000},
}

@article{Liu07thesis,
arxivId = {0712.3041},
author = {Liu, Yi-kai},
file = {:home/jdw/.local/share/data/Mendeley Ltd./Mendeley Desktop/Downloaded/Liu - 2007 - The Complexity of the Consistency and N -representability Problems for Quantum States.3041v1:3041v1},
keywords = {Quantum Physics},
month = dec,
pages = {91},
title = {{The Complexity of the Consistency and N-representability Problems for Quantum States}},
url = {http://arxiv.org/abs/0712.3041},
volume = {2007},
year = {2007}
}
@ARTICLE{Lui07,
	author = {Y.-K. Lui and M. Christandl and F. Verstraete},
	title = {N-representability is {QMA}-complete},
	journal = {Phys. Rev. Lett.},
	volume={98},
	pages={110503},
	year = {2007},
}
@ARTICLE{Hongo07,
       author = {K. Hongo and T. Oyamada and Y. Maruyama and Y. Kawazoe and H. Yasuhara},
title = {Correct Interpretation of {H}und's Rule and Chemical Bonding Based on the Virial Theorem},
journal = {Materials Transactions},
  volume={48},
  number={4},
  pages={662-665},
  year={2007}
}


formerly CFP01
@ARTICLE{Childs01,
	author = {A. M. Childs and E. Farhi and J. Preskill},
	title = {Robustness of adiabatic quantum computation},
	journal = {Phys. Rev. A},
	volume = {65},
	pages = {012322},
	year = {2001},
}
@ARTICLE{Harrow10,
	author = {A. Harrow and A. Montanaro},
	title = {An efficient test for product states, with applications to quantum {M}erlin-{A}rthur game},
	journal = {Proc. of the 2010 IEEE 51st Annual Symp. on Found. of Comp. Sci. (FOCS '10)},
	year = {2010},
	pages= {633-642}
}

@Article{Biamonte08classical,
  title = {Nonperturbative $k$-body to two-body commuting conversion {H}amiltonians and embedding problem instances into {I}sing spins},
  author = {Biamonte, J. D.},
  journal = {Phys. Rev. A},
  volume = {77},
  number = {5},
  pages = {052331},
  numpages = {8},
  year = {2008},
  doi = {10.1103/PhysRevA.77.052331},
  publisher = {American Physical Society}
}


@article{Childs09a,
	Author = {Childs, A. M.},
	Date-Added = {2009-05-05 15:38:23 -0400},
	Date-Modified = {2009-05-05 15:39:07 -0400},
	journal = {Phys. Rev. Lett.},
	Pages = {180501},
	Title = {Universal Computation by Quantum Walk},
	Volume = {102},
	Year = {2009}}

@ARTICLE{Childs09,
  author = {A. M. Childs},
  title = {On the relationship between continuous- and discrete-time quantum
	walk},
  journal = {Comm. Math. Phys.},
  year = {2010},
  volume = {294},
  pages = {581}
}

@ARTICLE{Jones2000,
	author = {J. A. Jones and V. Vedral and A. Ekert and G. Castagnoli},
	title = {Geometric quantum computation using nuclear magnetic resonance},
	journal = {Nature},
	volume = {403},
	pages = {869},
	year = {2000},
	otherinfo = {}
}

@ARTICLE{Sjo08,
	author = {E. Sj\"oqvist},
	title = {A new phase in quantum computation},
	journal = {Physics},
	volume = {1},
	pages = {35},
	year = {2008},
	otherinfo = {}
}


@Article{Nayak08,
  title = {Non-Abelian anyons and topological quantum computation},
  author = {Nayak, C.  and Simon, S. H. and Stern, A.  and Freedman, M.  and Das Sarma, S. },
  journal = {Rev. Mod. Phys.},
  volume = {80},
  pages = {1083},
  numpages = {76},
  year = {2008},
  doi = {10.1103/RevModPhys.80.1083},
  publisher = {American Physical Society}
}


@Article{Jordan28,
	author = "P. Jordan and E. Wigner",
	year   = "1928",
	title={{\"U}ber das {P}aulische {\"A}quivalenzverbot},
	journal= "Z. Phys. A.",
	volume = "47",
	pages  = "631"
}


@Unpublished{Naj07,
  Author         = {Najmaie, A.},
  Title          = {Notes on the {H}artee-{F}ock {T}heory},
  Note           = {Personal Correspondence},
  year           = 2007
}

@Article{MM00,
	Author	= {Munehisa, T. and Munehisa, Y.},
	Title   = {A Method to Calculate a Delta Function of the {H}amiltonian by the Suzuki-Trotter Decomposition},
	year    = {2000},
	journal = {arXiv.org:cond-mat/0001304},
	url     = "http://arxiv.org/abs/cond-mat/001304"
}
@Article{BK00,
	author  = "S. B. Bravyi and A. Y. Kitaev",
	title   = "{F}ermionic Quantum Computation",
	journal = "arXiv:quant-ph/0003137",
	year    = "2000",
	url="http://arXiv.org/abs/quant-ph/0003137"
}
@ARTICLE{Aspuru05,
  author = {Aspuru-Guzik, A. and Dutoi, A. D. and Love, P. and Head-Gordon, M.},
  title = {Simulated Quantum Computation of Molecular Energies},
  journal = {Science},
  year = {2005},
  volume = {309},
  pages = {1704},
  issue = {5741},
doi = {10.1126/science.1113479}
}
@ARTICLE{Head-Gordon08,
  author = {M. Head-Gordon and E. Artacho},
  title = {Chemistry on the computer},
  journal = {Phys. Today},
  year = {2008},
  volume = {61},
  pages = {58}
}
@ARTICLE{Bennett73,
	author = {C. H. Bennett},
	title = {Logical Reversibility of Computation},
	journal = {IBM J. Res. Develop.},
	volume={17},
	year = {1973}
}

@ARTICLE{Biamonte10,
	author = {J. D. Biamonte and V. Bergholm and J. D. Whitfield and J. Fitzsimons and A. Aspuru-Guzik},
	title = {Adiabatic Quantum Simulators},
	journal = {AIP Advances},
	volume = {1},
	pages = {022126},
	year = {2011},
	note = {Also see Chapter~\ref{chp:AQS}}
}

@ARTICLE{Nagaj10,
	author = {D. Nagaj},
	title = {Universal 2-local {H}amiltonian Quantum Computing},
	journal = {ar{X}iv:1002.0420},
	volume = {},
	pages = {},
	year = {2010},
	otherinfo = {}
}
@ARTICLE{Chelikowsky09,
  author = {Chelikowsky, J. R. and Saad, Y. and Chan, T.-L. and Tiago,
	M. L. and Zayak, A. T. and Zhou, Y.},
  title = {Pseudopotentials on Grids: Application to the Electronic, Optical,
	and Vibrational Properties of Silicon Nanocrystals},
  journal = {J. Comput. Theor. Nanosci.},
  year = {2009},
  volume = {6},
  pages = {1247-1261(15)}
}
@ARTICLE{Hung09,
  author = {L. Hung and E. A. Carter},
  title = {Accurate simulations of metals at the mesoscale: {E}xplicit treatment
	of 1 million atoms with quantum mechanics},
  journal = {Chem. Phys. Lett.},
  year = {2009},
  volume = {475},
  pages = {163}
}
@ARTICLE{Dreuw04,
  author = {Dreuw, A. and Head-Gordon, M.},
  title = {{Failure of time-dependent density functional theory for long-range
	charge-transfer excited states: The zincbacteriochlorin-bacterlochlorin
	and bacteriochlorophyll-spheroidene complexes}},
  journal = {J. Am. Chem. Soc.},
  year = {2004},
  volume = {126},
  pages = {4007-4016}
}
@article{Veis10,
	author="L. Veis and J. Pittner ",
	title={Quantum computing applied to calculations of molecular energies: {CH}$_2$ benchmark},
	journal={J. Chem. Phys.},
	pages={194106},
	volume={133},
	year="2010"
}

Annu. Rev. Phys. Chem. 2011. 62:185-207
@ARTICLE{Kassal11,
	author="I. Kassal$^*$ and J.D. Whitfield$^*$ and A. Perdomo-Ortiz and M.-H. Yung and A. Aspuru-Guzik",
	title = {Simulating Chemistry Using Quantum Computers},
	journal = {Annu. Rev. Phys. Chem.},
	year = {2011},
	volume={62},
	pages={185-207}
}


@Article{Ortiz01,
	author="Ortiz, G. and Gubernatis, J. and Knill, E. and Laflamme, R.",
	title={Quantum algorithms for fermionic simulations},
	journal="Phys. Rev. A",
	year="2001",
	volume="64",
	pages="022319",
	keywords="quantum simulation",
	keywords="second quantization",
}


@BOOK{AM76,
	author = {N. W. Ashcroft and N. D. Mermin},
	title = {Solid State Physics},
	publisher = {Thomson learning},
	year = {1976},
}
@BOOK{CB03,
	editor = {P. G. Ciarlet and C. Le Bris},
	title = {Handbook of Numerical Analysis. Special Volume: Computational Chemistry},
	publisher = {North-Holland},
	year = {2003},
}


@BOOK{CD08,
	author = {C. Trindle and D. Shillady},
	title = {Electronic structure modeling: connections between theory and software},
	publisher = {CRC Press},
	year = {2008}
}



@Book{Helgaker00,
	author="Helgaker, T. and Jorgensen, P. and Olsen, J.",
	title="Molecular Electronic-Structure Theory",
	publisher="John Wiley and Sons",
	year="2000"
}


SIAM Journal of Computing, Vol. 37, Issue 1, p. 166-194 (2007),
@ARTICLE{Aharonov07,
	author = {D. Aharonov and W. van Dam and J. Kempe and Z. Landau and S. Lloyd and O. Regev},
	title = {Adiabatic Quantum Computation is Equivalent to Standard Quantum Computation},
	journal = {SIAM Journal of Computing},
	volume = {37},
	pages = {166},
	year = {2007},
	otherinfo = {}
}
	
@ARTICLE{You05,
	author = {J. Q. You and F. Nori},
	title = {Superconducting circuits and quantum information},
	journal = {Physics Today},
	volume = {58},
	pages = {42},
	year = {2005},
	otherinfo = {}
}


@article{Berry07,
	author = {D. W. Berry and G. Ahokas and R. Cleve and B. C. Sanders},
	title={Efficient quantum algorithms for simulating sparse {H}amiltonians},
	journal = {Commun. Math. Phys.},
	volume={270},
	pages={359-371},
	year = {2007},
	otherinfo = {}
}

Journal reference:	QIC, Vol.9, pp0833-0855, (2009)
@ARTICLE{Boixo09,
	author = {Boixo, S. and  Knill, E. and  Somma, R. D.},
	title={Quantum state preparation by phase randomization},
  	journal =      "Quant. Inf. Comp.",
	volume={9},
	pages={0833},
	year={2009}
}
Entropy 2010, 12(11), 2268-2307
@article{Brown10,
	title={Using Quantum Computers for Quantum Simulation},
	Author = {K. L. Brown and W. J. Munro and V. M. Kendon},
	journal={Entropy},
	pages={2268},
	volume={12},
	Year = {2010}}

 


@ARTICLE{Wang08,
	author = {H. Wang and S. Kais and A. Aspuru-Guzik and M. Hoffmann},
	title={Quantum algorithm for obtaining the energy spectrum of molecular systems},
	journal = {Phys. Chem. Chem. Phys.},
	volume = {10},
	pages = {5388},
	year = {2008},
}
@ARTICLE{Perdomo08,
	author = {A. Perdomo-Ortiz and S. E. Venegas-Andraca and A. Aspuru-Guzik},
	title = {Sombrero adiabatic quantum computation},
   	journal = {Quantum Information Processing},
   pages = {1-20},
   year = {2010}
}

@article{Ovrum07,
	author = {E. Ovrum and M. Hjorth-Jensen},
	title={Quantum computation algorithm for many-body studies},
    	journal = {arXiv:0705.1928},
	year={2007}
}

@article{Ladd10,
	Annote = {{\textless}p{\textgreater}10.1038/nature08812{\textless}/p{\textgreater}},
	Author = {T. D. Ladd and F. Jelezko and R. Laflamme and Y. Nakamura and C. Monroe and J. L. O'Brien},
	Date-Modified = {2010-06-01 15:36:01 -0400},
	Doi = {10.1038/nature08812},
	Issn = {0028-0836},
	Journal = {Nature},
	Number = {7285},
	Pages = {45--53},
	Title = {Quantum computers},
	Url = {http://dx.doi.org/10.1038/nature08812},
	Volume = {464},
	Year = {2010},
	Bdsk-Url-1 = {http://dx.doi.org/10.1038/nature08812}}




@ARTICLE{Raussendorf01,
	author = {R. Raussendorf and H. J. Briegel},
	title = {A One-Way Quantum Computer},
	journal = {Phys. Rev. Lett.},
	volume = {86},
	pages = {5188},
	year = {2001},
	otherinfo = {}
}

@ARTICLE{Amin08,
	author = {M. H. S. Amin and P. J. Love and C. J. S. Truncik},
	title = {Thermally Assisted Adiabatic Quantum Computation},
	journal = {Phys. Rev. Lett.},
	volume = {100},
	pages = {060503},
	year = {2008},
	otherinfo = {}
}



	title = {Quantum algorithms for the simulation of chemical dynamics},
KJLM+08
@ARTICLE{Kassal08,
	author = {I. Kassal and  S. P. Jordan and  P. J. Love and  M. Mohseni and  A. Aspuru-Guzik},
	title={Polynomial-time quantum algorithm for the simulation of chemical dynamics},
journal={Proc. Natl. Acad. Sci.},
volume={105},
pages={18681},
	year = {2008}
}
@ARTICLE{Whitfield11,
	author = {J. D. Whitfield and J. D. Biamonte and A. Aspuru-Guzik},
	title = {Simulation of electronic structure Hamiltonians using quantum computers},
	journal = {J. Mol. Phys.},
	volume = {109},
	pages = {735},
	year = {2011},
}

@ARTICLE{Gaitan08,
	author = {F. Gaitan and F. Nori},
	title = {Density functional theory and quantum computation},
	journal = {arXiv:0809.1170},
	year = {2008},
}
@ARTICLE{Lanyon10,
	author = {B. P. Lanyon and J. D. Whitfield and G. G. Gillet and M. E. Goggin and M. P. Almeida and I. Kassal and J. D. Biamonte and M. Mohseni and B. J. Powell and M. Barbieri and A. Aspuru-Guzik and A. G. White},
	journal = {Nature Chem.},
	volume={2},
	pages={106},
	year = {2010},
}
@ARTICLE{Hehre69,
  author = {W. J. Hehre and R. F. Stewart and J. A. Pople},
  title = {Self-Consistent Molecular Orbital Methods {I.} {U}se of {G}aussian
	Expansions of {S}later-Type Atomic Orbitals},
  journal = {J. Chem. Phys.},
  year = {1969},
  volume = {51},
  pages = {2657}
}

@ARTICLE{Obrien03,
  author = {{O'Brien}, J. L. and Pryde, G. J. and White, A. G. and Ralph, T.
	C. and Branning, D.},
  title = {Demonstration of an all-optical quantum controlled-{\sc not} gate},
  journal = {Nature},
  year = {2003},
  volume = {426},
  pages = {264}
}
@ARTICLE{Dur07,
  author = {Wolfgang D{\"u}r and Michael J. Bremner and Hans J. Briegel},
  title = {Quantum simulation of interacting high--dimensional systems: the
	influence of noise},
  journal = {Phys. Rev. A},
  year = {2008},
  volume = {78},
  pages = {052325}
}
@ARTICLE{Liao08,
  author = {Yang Liao and Jian Xu and Ya Cheng and Zenghui Zhou and Fei He and
	Haiyi Sun and Juan Song and Xinshun Wang and Zhizhan Xu and Koji
	Sugioka and Katsumi Midorikawa},
  title = {Electro-optic integration of embedded electrodes and waveguides in
	{LiNbO$_3$} using a femtosecond laser},
  journal = {Opt. Lett.},
  year = {2008},
  volume = {33},
  pages = {2281}
}



@ARTICLE{Jane03,
  author = {E. Jan{\'e} and G. Vidal and W. D{\"u}r and P. Zoller and J. I. Cirac},
  title = {Simulation of quantum dynamics with quantum optical systems},
  journal = {Quantum Inf. Comput.},
  year = {2003},
  volume = {3},
  pages = {15}
}
@ARTICLE{Knill01,
  author = {E. Knill and R. Laflamme and G. J. Milburn},
  title = {A scheme for efficient quantum computation with linear optics},
  journal = {Nature},
  year = {2001},
  volume = {409},
  pages = {46-52},
  date-added = {2009-10-29 15:49:24 +1000},
  date-modified = {2009-10-29 15:49:24 +1000}
}
@ARTICLE{Aaronson08,
	author = {S. Aaronson},
	title = {The Limits of Quantum},
	journal = {Sci. Amer.},
	volume = {},
	pages = {62},
	year = {2008},
	otherinfo = {}
}
Quantum 
Vol.7 No.3  March 1, 2007  ABSTRACTS

Research Articles: 
How to build a 300 bit, 1 Giga-operation quantum computer (pp171-183) PDF 
@Article{Steane07,
author={A.M. Steane},
  journal = {Quantum Computation and Information},
  volume={7},
  pages={171},
  year={2007}}

@ARTICLE{Buluta09,
	author = {I. Buluta and F. Nori},
  title = {Quantum Simulators},
	journal = {Science},
	volume = {326},
	pages = {108},
	year = {2009},
	otherinfo = {}
}


@article{Friedenauer08,
	Author = {A. Friedenauer and H. Schmitz and J. T. Glueckert and D. Porras and T. Schaetz},
	journal = {Nature Phys.},
        title = {Simulating a quantum magnet with trapped ions},
	Pages = {757},
	Volume = {4},
	Year = {2008}}

@ARTICLE{Aharonov61,
	author = {Y. Aharonov and D. Bohm},
	title = {Time in the quantum theory and the uncertainty relation for time and energy},
	journal = {Phys. Rev.},
	year = {1961},
	pages={1649},
	volume={22}
}


@Article{Zalka98,
	author = "C. Zalka",
	journal= "Proc. R. Soc. Lond. A",
	title= {Simulating quantum systems on a quantum computer},
	year   = "1998",
	volume = "454",
	pages  = "313"
}
@ARTICLE{Somma08,
  author = {Somma, R. and Boixo, S. and Barnum, H. and Knill, E.},
  title = {Quantum Simulations of Classical Annealing Processes},
  journal = {Phys. Rev. Lett.},
  year = {2008},
  volume = {101},
  pages = {130504}
}
@ARTICLE{Schmidt-Kaler03,
  author = {Ferdinand Schmidt-Kaler and Hartmut Haffner and Mark Riebe and Stephan
	Gulde and Gavin P. T. Lancaster and Thomas Deuschle and Christoph
	Becher and Christian F. Roos and Jurgen Eschner and Rainer Blatt},
  title = {Realization of the {Cirac-Zoller} controlled-{\sc not} quantum gate},
  journal = {Nature},
  year = {2003},
  volume = {422},
  pages = {408--411}
}
@incollection{Childs11,
   author = {Childs, A. M. and Kothari, R.},
   title = {Simulating Sparse {H}amiltonians with Star Decompositions},
   booktitle = {Theory of Quantum Computation, Communication, and Cryptography},
   series = {Lecture Notes in Computer Science},
   editor = {van Dam, W. and Kendon, V. and Severini, S.},
   publisher = {Springer Berlin / Heidelberg},
   pages = {94-103},
   volume = {6519},
   year = {2011}
}
@ARTICLE{Merali11,
	author = {Z. Merali},
	title = {First sale for quantum computing},
	journal = {Nature},
	year = {2011},
	volume={474},
	pages={18}
}

@Article{Somma02,
	author	= "R. Somma and G. Ortiz and J. E. Gubernatis and E. Knill and R. Laflamme",
	title={Simulating physical phenomena by quantum networks},
	journal = "Phys. Rev. A",
	volume	= "65",
	year 	= "2002",
	pages	= "042323"
}
@ARTICLE{Somma03,
  author = {Somma, R. and Ortiz, G. and Knill, E. and Gubernatis, J.},
  title = {Quantum simulations of physics problems},
  journal = {Int. J. Quantum Inf.},
  year = {2003},
  volume = {1},
  pages = {189}
}
@ARTICLE{Jordan05,
  author = {S. P. Jordan},
  title = {Fast Quantum Algorithm for Numerical Gradient Estimation},
  journal = {Phys. Rev. Lett.},
  year = {2005},
  volume = {95},
  pages = {050501}
}
@ARTICLE{Berry09,
	author = {D. W. Berry and A. M. Childs},
	title = {Black-box {H}amiltonian simulations and unitary implementation},
	journal = {ar{X}iv:0910.4157},
	year = {2009},
}
@ARTICLE{Temme11,
	author = {K. Temme and T. J. Osborne and K. G. Vollbrecht and D. Poulin and F. Verstraete},
	title = {Quantum {M}etropolis Sampling},
	journal = {Nature},
	year = {2011},
	volume={471},
	pages={87}
}
@ARTICLE{Chiang10,
  author = {Chiang, C.F. and Wocjan, P.},
  title = {Quantum Algorithm for Preparing Thermal {G}ibbs States-Detailed Analysis},
  journal = {NATO Sci. for Peace and Secuity: Info. and Comm. Security},
  volume={26},
  pages={138-147},
  year = {2010},
  note={Also ar{X}iv:1001.1130}
}
@ARTICLE{Somma07,
  author = {Somma, R. and Batista, C. and Ortiz, G.},
  title = {Quantum Approach to Classical Statistical Mechanics},
  journal = {Phys. Rev. Lett.},
  year = {2007},
  volume = {99},
  pages = {1--4}
}


@PHDTHESIS{Childs04,
  author = {A. M. Childs},
  title = {Quantum information processing in continuous time},
  school = {{MIT}},
  year = {2004},
  type = {{Ph.D.}},
  address = {Cambridge, {MA}}
}
@BOOK{Koch01,
	author = {W. Koch and M. C. Holthausen},
	title = {A Chemist's guide to density functional theory},
	publisher={Wiley-VCH},
	year = {2001},
	otherinfo = {}
}


@Article{Abrams97,
	author	= "Abrams, D. and Lloyd, S.",
	title 	= "Simulation of Many-Body {F}ermi Systems on a Universal Quantum Computer",
	journal = "Phys. Rev. Lett.",
	year 	= "1997",
	volume  = "79",
	pages   = "2586"
}
@BOOK{Cramer04,
	author = {C. J. Cramer},
	editor = {},
	title = {Essentials of Computational Chemistry: {T}heories and models},
	publisher = {Wiley},
	year = {2004},
}

@Book{Szabo96,
	author="Szabo, A. and Ostlund, N.",
	title="Modern Quantum Chemistry: Introduction to Advanced Electronic Structure Theory",
	publisher="Dover Publications",
	year="1996",
}

Int. J. Quantum Information, vol. 2 pp.119-131 (2004)
@ARTICLE{Tomita06,
  author = {A. Tomita and K. Nakamura },
  title={Measured Quantum {F}ourier Transform of 1024 Qubits on Fiber Optics},
  journal = {Int. J. Quantum Information},
  volume={2},
  pages={119},
  year = {2004}
}

	
@ARTICLE{Lidar99,
	title = {Calculating the thermal rate constant with exponential speedup on a quantum computer},
	author = {D.A. Lidar and H. Wang},
	journal = {Phys. Rev. E},
	year = {1999},
	volume={59},
	pages={2429}
}


@ARTICLE{Kassal09,
	author = {I. Kassal and A. Aspuru-Guzik},
	title={Quantum algorithm for molecular properties and geometry optimization},
	journal = {J. Chem. Phys.},
	pages={224102},
	volume={131},
	year = {2009},
}

@ARTICLE{LMH09,
	author = {W.A. Lester Jr. and L. Mitas and B. Hammond},
	title = {Quantum Monte Carlo for atom, molecules and solids},
	journal = {Chem. Phys. Lett.},
	volume={478},
	pages={1-10},
	year = {2009},
	otherinfo = {}
}
	
@ARTICLE{Sherrill10,
	title = {Frontiers in electronic structure theory},
	author = {C.D. Sherrill },
	journal = {J. Chem. Phys.},
	volume={132},
	pages={110902},
	year = {2010},
	otherinfo = {}
}

@ARTICLE{Chan08,
	author = {G. K-L. Chan and J. J. Dorando and D. Ghosh and J. Hachmann and E. Neuscamman and H. Wang and T. Yanai},
	title = {An Introduction to the Density Matrix Renormalization Group Ansatz in Quantum Chemistry},
	journal = {Prog. Theor. Chem. and Phys.},
	volume={18},
	pages={49},
	year = {2008},
}



@Article{BT96,
	author = "B. M. Boghosian and W. Taylor IV",
	title  = "Simulation Quantum Mechanics on a Quantum Computer",
	journal= "Physica D",
	volume={120},
	year={1998},
	pages={30},
}

@Article{KOS06,
	author = "E. Knill and G. Ortiz and R. D. Somma",
	year   = "2006",
	title  = "Optimal Quantum Measurements of Expectation Values of Observables",
	journal= "arXiv:quant-ph/0607019",
	url    = "http://arXiv:quant-ph/abs/0607019"
}

@ARTICLE{Lan32,
	author = {L. Landau},
	title = {Zur Theorie der Energieubertragung. II},
	journal = {Physics of the Soviet Union},
	year = {1932},
	volume={2},
	pages={46}
}

@ARTICLE{Zen32,
	author = {C. Zener},
	title = {Non-adiabatic Crossing of Energy Levels},
	journal = {Proceeding of the Royal Society of London, Series A},
	year = {1932},
	volume={137},
	pages={692}
}

@ARTICLE{STOK+04,
	author = {P. G. Szalay and L. S. Thøgersen and J. Olsen and M. K\'allay and J. Gauss},
	title = {Equilibrium Geometry of the Ethynyl (CCH) Radical},
	journal = {J. Phys. Chem. A},
	year = {2004},
	volume={108},
	pages={3030}
}

@ARTICLE{TO04,
	author = {L.  Thøgersen and J. Olsen},
	title = {A coupled cluster and full configuration interaction
              study of CN and CN$^-$},
	journal = {Chem. Phys. Lett.},
	year = {2004},
	volume={393},
	pages={36}
}
@BOOK{Ste92,
	editor = {D. L. Stein},
	title = {Directions in Condensed Matter Physics: Spin Glasses and Biology},
	publisher = {World Scientific},
	volume={6},
	year = {1992}
}

@ARTICLE{Benenti08,
	author = {G. Benenti and G. Strini},
	title = {Quantum simulation of the single-particle {S}chr\"odinger equation},
  journal = {Am. J. Phys.},
  year = {2008},
  volume = {76},
  pages = {657-662}
}

@ARTICLE{Pople98,
	author = {J. Pople},
	title = {Quantum Chemical Models},
	journal = {Nobel Lecture},
	year = {1998},
}


@ARTICLE{Wu02,
	author = {L.-A. Wu and M. S. Byrd and D. A. Lidar},
	title={Polynomial-Time Simulation of Pairing models on a quantum computer},
	journal = {Phys. Rev. Lett.},
	year = {2002},
	volume={89},
	pages={057904}
}
@ARTICLE{Wang09,
	author = {H. Wang and S. Ashhab and F. Nori},
	title = {An efficient quantum algorithm for preparing states of molecular systems},
	journal = {Phys. Rev. A},
	volume = {79},
	pages = {042335},
	year = {2009},
}
@ARTICLE{Ward09,
	author = {N. Ward and I. Kassal and A. Aspuru-Guzik},
	title={Preparation of Many-Body States for Quantum Simulation},
	journal = {J. Chem. Phys.},
	volume = {130},
	pages = {194105},
	year = {2009},
}


@article{Clark09,
	Author = {C. R. Clark  and T. S. Metodi and S. D. Gasster and K. R. Brown},
	title = {Resource requirements for fault-tolerant quantum simulation: The ground state of the transverse {I}sing model},
	journal = {Phys. Rev. A},
	Pages = {062314},
	Volume = {79},
	Year = {2009}}

Phys. Rev. A 76, 030306(R) (2007) [4 pages]
@ARTICLE{Dobsicek07,
	author = {M. Dob\v{s}\'{i}\v{c}ek and G. Johansson and V.S. Shumeiko and G. Wendin},
	title={Arbitrary accuracy iterative quantum phase estimation algorithm using a single ancillary qubit: A two-qubit benchmark},
	pages={030306(R)},
	volume={76},
	journal = {Phys. Rev. A},
	year = {2007}
}
IPEA but its jacked from Parker and Plenio and done concurrently by Knill07

@ARTICLE{WL02,
	author = {L .-A. Wu and D. A. Lidar},
	title = {Qubits as Parafermions},
	journal = {J. Math. Phys },
	year = {2002},
	volume={43},
	pages={4506}
}

@BOOK{Mah00,
	author = {G. D. Mahan},
	title = {Many-Particle Physics},
	publisher = {Kluwer Academic/ Plenum Publishers},
	year = {2000},
	edition={3rd}
}


@incollection{Hatano05,
	author = {N. Hatano and M. Suzuki},
	booktitle = {Quantum Annealing and Other Optimization Methods},
	editor={A. Das and B.K. Chakrabarti},
	title={Finding Exponential Product Formulas of Higher Orders},
	series = {Lectures Notes in Physics},
	pages = {37-68},
	publisher = {Springer},
	year = {2005}
}

@ARTICLE{Feller96,
	author = {Feller, D.},
	title={The role of databases in support of computational chemistry calculations},
	journal = {J. Comp. Chem.},
	volume={17},
	pages={1571},
	year = {1996}
}
@ARTICLE{DiVincenzo00,
	author = {D. P. DiVincenzo},
	journal={Fortschr. Phys.},
	title={The Physical Implementation of Quantum Computation},
	volume={48},
	pages={771},
	year = {2000},
	note={Also arXiv:quant-ph/0002077}
}



@ARTICLE{Schuchardt07,
	author = {K. L. Schuchardt  and B. T. Didier  and T. Elsethagen and  L. Sun and V. Gurumoorthi and J. Chase and 
		J. Li and T. L. Windus},
	journal = {J. Chem. Inf. Model. },
	title = {Basis Set Exchange: {A} Community Database for Computational Sciences},
	volume={47},
	pages={1042},
	year = {2007}
}
@ARTICLE{Braunstein99,
  author = {Braunstein, S. L. and Caves, C. M. and Jozsa, R. and Linden, N. and
	Popescu, S. and Schack, R.},
  title = {Separability of Very Noisy Mixed States and Implications for {NMR}
	Quantum Computing},
  journal = {Phys. Rev. Lett.},
  year = {1999},
  volume = {83},
  pages = {1054--1057}
}
@ARTICLE{Landauer91,
  author = {R. Landauer},
  title = {Information is physical},
  journal = {Phys. Today},
  year = {1991},
  volume = {44},
  pages = {23-29}
}


@ARTICLE{Leibfried03,
  author = {D. Leibfried and B. {DeMarco} and V. Meyer and D. Lucas and M. Barrett
	and J. Britton and W. M. Itano and B. Jelenkovic and C. Langer and
	T. Rosenband and D. J. Wineland},
  title = {Experimental demonstration of a robust, high-fidelity geometric two
	ion-qubit phase gate},
  journal = {Nature},
  year = {2003},
  volume = {422},
  pages = {412--415}
}


@ARTICLE{Chiaverini05,
  author = {J. Chiaverini and J. Britton and D. Leibfried and E. Knill and M.
	D. Barrett and R. B. Blakestad and W. M. Itano and J. D. Jost and
	C. Langer and R. Ozeri and T. Schaetz and D. J. Wineland},
  title = {Implementation of the Semiclassical Quantum {F}ourier Transform in
	a Scalable System},
  journal = {Science},
  year = {2005},
  volume = {308},
  pages = {997}
}
@ARTICLE{Nielsen04,
  author = {Michael A. Nielsen},
  title = {Optical Quantum Computation Using Cluster States},
  journal = {Phys. Rev. Lett.},
  year = {2004},
  volume = {93},
  pages = {040503}
}
@ARTICLE{WY06,
author = {A. M. Wang and X. Yang},
title = {Quantum simulation of pairing models on an {NMR} quantum computer},
journal = {Phys. Lett. A},
year = {2006},
volume={352},
pages={304}
}


@ARTICLE{Oh08,
	author = {S. Oh},
	title = {Quantum Computational Method of Finding the Ground State Energy and Expectation Values},
	journal = {Phys. Rev. A},
	pages={012326},
	volume={77},
	year = {2008},
}
Formerly DXP+09,
@ARTICLE{Du10,
  author = {J. Du and N. Xu and X. Peng and P. Wang and S. Wu and D. Lu},
  title = {{NMR} Implementation of a Molecular Hydrogen Quantum Simulation with Adiabatic State Preparation},
  journal = {Phys. Rev. Lett},
  volume={104},
  pages={030502},
  year = {2010}
}
@ARTICLE{Peng05,
  author = {Peng, X. and Du, J. and Suter, D.},
  title = {Quantum phase transition of ground-state entanglement in a {H}eisenberg
	spin chain simulated in an {NMR} quantum computer},
  journal = {Phys. Rev. A},
  year = {2005},
  volume = {71},
  pages = {012307}
}
@ARTICLE{Yang06,
	author = {X. Yang and A. M. Wang and F. Xu and J. Du },
	title = {Experimental Simulation of a pairing {H}amiltonian on an {NMR} quantum computer},
	journal = {Chem. Phys. Lett.},
	year = {2006},
	volume="422",
	pages={20-24}
}

@ARTICLE{DJ92,
  AUTHOR =       "D. Deutsch and R. Jozsa",
  TITLE =        "",
  journal =      "Proc. R. Soc. London",
  YEAR =         "1992",
  volume =       "Ser. A, 439",
  number =       "",
  pages =        "553",
  month =        "",
  note =         "",
  abstract =     "",
  keywords =     ""
}


@Article{OMT+99,
  title = {Superconducting persistent-current qubit},
  author = {Orlando and others},
  journal = {Phys. Rev. B},
  volume = {60},
  number = {22},
  pages = {15398--15413},
  numpages = {15},
  year = {1999},
  month = {Dec},
  doi = {10.1103/PhysRevB.60.15398},
  publisher = {American Physical Society}
}




@article{A03,
  author = {D. Aharonov},
  title = {A Simple Proof that Toffoli and Hadamard are Quantum Universal},
  note = "\href{http://arxiv.org/abs/quant-ph/0301040}{\tt quant-ph/0301040}",
  year = {2003}
}
@article{Verstraete08,
	title = {Matrix product states, projected entangled pair states, and variational renormalization group methods for quantum spin systems},
	volume = {57},
	doi = {10.1080/14789940801912366},
	number = {2},
	journal = {Advances in Physics},
	author = {F. Verstraete and V. Murg and J. I. Cirac},
	year = {2008},
	pages = {143--224}
}
@article{Chan03,
	title = {Exact solution (within a triple-zeta, double polarization basis set) of the electronic {S}chrödinger equation for water},
	volume = {118},
	journal = {J. Chem. Phys.},
	author = {Chan, G. K-L. and Head-Gordon, M.},
	year = {2003},
	pages = {8551},
doi = {10.1063/1.1574318}
}
@article{Verstraete09,
	Author = {Frank Verstraete and Michael M. Wolf and J. Ignacio Cirac},
	Doi = {10.1038/nphys1342},
	Journal = {Nature Phys.},
	Keywords = {dissapative},
	Number = {9},
	Pages = {633--636},
	Title = {Quantum computation and quantum-state engineering driven by dissipation},
	Volume = {5},
	Year = {2009},
	Bdsk-Url-1 = {http://dx.doi.org/10.1038/nphys1342}}
@BOOK{Parr89,
	author = {Robert G. Parr and Weitao Yang },
	title = {Density-Functional Theory of Atoms and Molecules},
	publisher = {Oxford University Press},
	year = {1989},
}
@article{Diehl08,
	Author = {S. Diehl and A. Micheli and A. Kantian and B. Kraus and H. P. B{\"u}chler and P. Zoller},
	Doi = {10.1038/nphys1073},
	Journal = {Nature Phys.},
	Keywords = {dissapative},
	Number = {11},
	Pages = {878--883},
	Title = {Quantum states and phases in driven open quantum systems with cold atoms},
	Volume = {4},
	Year = {2008},
	Bdsk-Url-1 = {http://dx.doi.org/10.1038/nphys1073}}

@incollection{Konno08,
	Author = {N. Konno},
	Editor = {Franz, U. and Sch\"urmann, M.},
	Pages = {309},
	Publisher = {Springer-Verlag},
	title={Quantum Walks}, 
	BookTitle = {Quantum Potential Theory, Lecture Notes in Mathematics},
	Year = {2008}}

@article{Kraus08,
	author={B. Kraus and H. P. B\"uchler and S. Diehl and A. Kantian and A. Micheli and P. Zoller },
	Doi = {{10.1103/PhysRevA.78.042307}},
	Journal = {Phys. Rev. A},
	Keywords = {dissapative},
	Number = {4},
	Pages = {042307},
	Title = {Preparation of entangled states by quantum {M}arkov processes},
	Volume = {78},
	Year = {2008},
	Bdsk-Url-1 = {http://dx.doi.org/10.1103/PhysRevA.78.042307%7D}}

@inproceedings{Childs03,
	Author = {Childs, A. M. and Cleve, R. and Deotto, E. and Farhi, E.},
	Booktitle = {Proc. 36th ACM Symposium on Theory of Computing},
	Date-Added = {2009-05-22 11:09:50 -0400},
	Date-Modified = {2009-05-22 12:07:48 -0400},
	Pages = {59},
	Title = {Exponential Algorithmic Speedup by Quantum Walk},
	Year = {2003}}

@article{Plenio08,
	Author = {Plenio, M. and Huelga, S.},
	Date-Added = {2009-05-18 15:08:15 -0400},
	Date-Modified = {2009-05-18 15:09:02 -0400},
	Journal = {New J. Phys.},
	Pages = {113019},
	Title = {Dephasing-assisted transport: quantum networks and biomolecules},
	Volume = {10},
	Year = {2008}}

@article{Caruso09,
	Author = {Caruso, F. and Chin, A. and Datta, A. and Huelga, S. and Plenio, M.},
	Date-Added = {2009-05-18 15:06:08 -0400},
	Date-Modified = {2009-05-18 15:07:01 -0400},
	Journal = {arXiv:0901.4454},
	Title = {Fundamental mechanisms of noise supported energy transfer in biological systems},
	Year = {2009}}

@article{Kempe03walk,
	Author = {J. Kempe},
	Journal = {arXiv:quant-ph/030308},
	Title = {Quantum random walks - an introductory overview},
	Year = {2003}}
@ARTICLE{Schollwock11,
	author = {U. Schollw{\"o}ck},
	title = {The density-matrix renormalization group in the age of matrix product states},
	journal = {Ann. Phys.},
	year = {2011},
	volume={326},
	pages={96-192}
}

@article{Shenvi03,
	Author = {Shenvi, N. and Kempe, J. and Whaley, K.B.},
	Date-Added = {2009-05-18 09:07:26 -0400},
	Date-Modified = {2009-05-18 09:08:39 -0400},
	Journal = {Phys. Rev. A},
	Pages = {052307},
	Title = {Quantum random-walk search algorithm},
	Volume = {67},
	Year = {2003}}

@article{Brun03,
	Author = {Brun, T. and Carteret, H. and Ambainis, A.},
	Date-Added = {2009-05-14 13:38:05 -0400},
	Date-Modified = {2009-05-14 13:39:13 -0400},
	Journal = {Phys. Rev. Lett.},
	Pages = {130602},
	Title = {Quantum to classical transition for random walks},
	Volume = {91},
	Year = {2003}}

@article{Ambainis08,
	Author = {Ambainis, A.},
	Date-Added = {2009-05-14 13:35:26 -0400},
	Date-Modified = {2009-05-14 13:37:45 -0400},
	Journal = {Lecture Notes in Computer Science},
	Pages = {1-4},
	Publisher = {Springer Berlin / Heidelberg},
	Title = {Quantum Random Walks -- New Method for Designing Quantum Algorithms },
	Volume = {4910},
	Year = {2008}}

@proceedings{Santha08,
	Author = {Santha, M.},
	Date-Added = {2009-05-14 13:30:27 -0400},
	Date-Modified = {2009-05-14 13:31:42 -0400},
	Organization = {5th TAMC, LNCS},
	Title = {Quantum walk based search algorithms},
	Volume = {4978},
	Year = {2008}}

@article{Romanelli05,
	Author = {A. Romanelli and R. Siri and G. Abal and A. Auyuanet and R. Donangelo},
	Journal = {Physica A},
	Keywords = {Brownian motion},
	Pages = {137 - 152},
	Title = {Decoherence in the quantum walk on the line},
	Volume = {347},
	Year = {2005}}

@article{Strauch09b,
	Author = {Strauch, F.},
	Date-Added = {2009-05-14 13:26:33 -0400},
	Date-Modified = {2009-05-15 12:21:38 -0400},
	Journal = {Private Communication},
	Title = {Unary vs Binary Walks Talk},
	Year = {2009}}

@article{Drezgic08,
	Author = {Drezgich, M. and Hines, A. and Sarovar, M. and Sastry, S.},
	Date-Added = {2009-05-14 13:25:00 -0400},
	Date-Modified = {2009-05-14 13:26:07 -0400},
	Journal = {Quantum Inf. \& Comp.},
	Pages = {856},
	Title = {Complete Characterization of Mixing Time for the Continuous Quantum Walk on the Hypercube with {M}arkovian Decoherence Model},
	Volume = {9},
	Year = {2009}}

@article{Hines07,
	Author = {Hines, A. and Stamp, P.},
	Date-Added = {2009-05-14 13:23:34 -0400},
	Date-Modified = {2009-05-14 13:24:40 -0400},
	Journal = {arXiv:0711.1555},
	Title = {Decoherence in quantum walks and quantum computers},
	Year = {2007}}

@article{Strauch06,
	Author = {Strauch, F.},
	Date-Added = {2009-05-14 10:27:31 -0400},
	Date-Modified = {2009-05-14 13:45:09 -0400},
	Journal = {Phys. Rev. A},
	Pages = {030301},
	Title = {Connecting the discrete- and continuous-time quantum walks},
	Volume = {74},
	Year = {2006}}

@inproceedings{Aharonov01,
	Author = {D. Aharonov and A. Ambainis and J. Kempe and U. Vazirani},
	Booktitle = {Proc. 33rd ACM Symposium on Theory of Computing },
	Pages = {50},
	Title = {Quantum walks on graphs},
	Year = {2001}}

@ARTICLE{Amico08,
	author = {L. Amico and R. Fazio and A. Osterloh and V. Vedral},
	title = {Entanglement in many-body systems},
	journal = {Rev. Mod. Phys.},
	volume={80},
	pages={517},
	year = {2008},
}
@ARTICLE{Shannon48,
	author = {C. E. Shannon},
	title = {A Mathematical theory of communication},
	journal = {Bell Sys. Tech. J.},
	year = {1948},
	volume={27},
	pages={379-423,623-656}
}

@ARTICLE{Aharonov08,
  author = {Aharonov, D. and Ta-Shma, A.},
  title = {Adiabatic Quantum State Generation},
  journal = {SIAM J. Comput.},
  year = {2008},
  volume = {37},
  pages = {47--82},
  note={Also see arxiv:quant-ph/0301023.}
}

@article{Aharonov93,
	Author = {Aharonov, Y and Davidovich, L. and Zagury, N.},
	Date-Added = {2009-05-14 10:22:35 -0400},
	Date-Modified = {2009-05-14 10:23:28 -0400},
	Journal = {Phys. Rev. A},
	Pages = {1687},
	Title = {Quantum random walks},
	Volume = {48},
	Year = {1993}}

@article{Love05,
	Author = {Love, P. and Boghosian, B.},
	Date-Added = {2009-05-08 14:46:23 -0400},
	Date-Modified = {2009-05-08 14:47:33 -0400},
	Journal = {Quantum Information Processing},
	Pages = {335},
	Title = {From {D}irac to Diffusion: decoherence in quantum lattice gases },
	Volume = {4},
	Year = {2005}}

@book{Venegas08,
	Author = {Venegas-Andraca, S.},
	Date-Added = {2009-05-06 12:46:21 -0400},
	Date-Modified = {2009-05-06 12:48:33 -0400},
	Publisher = {Morgan and Claypool},
	Title = {Quantum Walks for Computer Scientists},
	Year = {2008}}

@article{Kendon07,
	Author = {Kendon, V.},
	Date-Added = {2009-05-06 12:38:03 -0400},
	Date-Modified = {2009-05-06 12:38:59 -0400},
	Journal = {Mathematical Structures in Computer Science},
	Pages = {1169-1220},
	Title = {Decoherence in quantum walks -- a review},
	Volume = {17},
	Year = {2007}}

@article{Salimi09,
	Author = {S. Salimi and A. Sorouri},
	Date-Added = {2009-05-12},
	Journal = {arXiv:0904.4026 },
	Title = {Pseudo-{H}ermitian continuous-time quantum walks},
	Year = {2009}}

@article{Kendon03,
	Author = {V. Kendon and B. Tregenna},
	Journal = {Phys. Rev. A },
	Pages = {042315},
	Title = {Decoherence can be useful in quantum walks},
	Volume = {67},
	Year = {2003}}

@article{Lindblad76a,
	Author = {Lindblad, G.},
	Journal = {Commun. Math. Phys},
	Pages = {119},
	Title = {On the generators of Quantum Dynamical Semigroups},
	Volume = {48},
	Year = {1975}}


@article{Kendon08a,
	Author = {Kendon, V. and Maloyer, O.},
	Date-Added = {2009-05-12},
	Journal = {Theoretical Computer Science },
	Pages = {187-196},
	Title = {Optimal computation with non-unitary quantum walks},
	Volume = {394},
	Year = {2008}}

@article{Strauch08,
	Author = {Strauch, F. and Williams, C.},
	Date-Added = {2009-05-05 15:48:04 -0400},
	Date-Modified = {2009-05-05 15:48:51 -0400},
	Journal = {Phys. Rev. B},
	Pages = {094516},
	Title = {Theoretical analysis of perfect quantum state transfer with superconducting qubits},
	Volume = {78},
	Year = {2008}}

@article{Strauch09,
	Author = {Strauch, F.},
	Date-Added = {2009-05-05 15:45:43 -0400},
	Date-Modified = {2009-05-05 15:46:33 -0400},
	Journal = {Phys. Rev. A},
	Pages = {032319},
	Title = {Reexamination of decoherence in quantum walks on the hypercube},
	Volume = {79},
	Year = {2009}}

@article{Watrous01,
	Author = {Watrous, J.},
	Date-Added = {2009-05-05 15:36:00 -0400},
	Date-Modified = {2009-05-05 15:36:47 -0400},
	title={Quantum simulations of classical random walks and undirected graph connectivity},
	Journal = {J. Comput. Syst. Sci},
	Pages = {376},
	Volume = {62},
	Year = {2001}}

@article{Farhi98,
	Author = {Farhi, E. and Gutmann, S. },
	Date-Added = {2009-05-05 15:32:35 -0400},
	Date-Modified = {2009-05-05 15:33:36 -0400},
	title={Quantum computation and decision trees},
	Journal = {Phys. Rev. A},
	Pages = {915},
	Volume = {58},
	Year = {1998}}

@article{Childs02,
	Author = {Childs, A. M. and Farhi, E. and Gutmann, S. },
	Date-Added = {2009-04-24 14:24:17 -0400},
	Date-Modified = {2009-05-22 11:08:28 -0400},
	Journal = {Quantum Information Processing},
	Pages = {35},
	Title = {An example of the difference between quantum and classical random walks},
	Volume = {1},
	Year = {2002}}

@article{Mohseni08,
	Author = {M. Mohseni and P. Rebentrost and S. Lloyd and A. Aspuru-Guzik},
	Date-Added = {2009-02-18 12:10:01 -0500},
	Date-Modified = {2009-02-18 12:15:02 -0500},
	Journal = {Journal of Chemical Physics},
	Number = {174106},
	Title = {Environment-Assisted Quantum Walks in Energy Transfer of Photosynthetic Complexes},
	Volume = {129},
	Year = {2008}}

@article{Rebentrost08,
	Author = {P. Rebentrost and M. Mohseni and A. Aspuru-Guzik},
	Date-Added = {2009-02-18 12:08:45 -0500},
	Date-Modified = {2009-12-22 16:47:13 -0500},
	Journal = {J. Phys. Chem. B},
	Pages = {9942},
	Title = {Role of Quantum Coherence and Environmental Fluctuations in Chromophoric Energy Transport},
	Volume = {113},
	Year = {2009}}

@article{Rebentrost09a,
	Author = {P. Rebentrost and M. Mohseni and I. Kassal and S. Lloyd and A. Aspuru-Guzik},
	Date-Added = {2009-02-18 12:06:43 -0500},
	Date-Modified = {2009-02-18 12:08:36 -0500},
	Journal = {New Journal of Physics},
	Pages = {033003},
	Title = {Environment-Assisted Quantum Transport},
	Volume = {11},
	Year = {2009}}

@article{Nori06a,
	Author = {H.T. Quan and Y.D. Wang and Y. Liu and C.P. Sun and F. Nori},
	Date-Added = {2009-02-18 11:52:30 -0500},
	Date-Modified = {2009-02-18 11:54:45 -0500},
	Journal = {Phys. Rev. Lett.},
	Title = {Maxwell's Demon Assisted Thermodynamic Cycle in Superconducting Quantum Circuits},
	Volume = {97},
	Year = {2006}}

@article{Scully03a,
	Author = {M.O. Scully and M.S. Zubairy and G.S. Agarwal and H. Walther},
	Date-Added = {2009-02-02 10:45:20 -0500},
	Date-Modified = {2009-02-16 12:49:17 -0500},
	Journal = {Science},
	Pages = {862},
	Title = {Extracting Work from a Single Heat Bath via Vanishing Quantum Coherence},
	Volume = {299},
	Year = {2003}}

@article{Spohn78a,
	Author = {H. Spohn},
	Date-Added = {2009-02-02 10:33:59 -0500},
	Date-Modified = {2009-02-02 10:34:57 -0500},
	Journal = {J. Math. Phys.},
	Number = {5},
	Pages = {1277},
	Title = {Entropy production for quantum dynamical semigroups},
	Volume = {19},
	Year = {1978}}



@book{Maxwell01,
author = {J. C. Maxwell},
title = {Theory of Heat},
publisher = {Dover Publications},
year = {2001},
}

@book{Carnot1824,
	Author = {S. Carnot},
	Date-Added = {2008-12-17 16:50:29 -0500},
	Date-Modified = {2008-12-17 16:51:18 -0500},
	Publisher = {Dover Publications},
	Title = {Reflections on the Motive Power of Fire: And Other Papers on the Second Law of Thermodynamics},
	Year = {2005}}

@article{Sudarshan61,
	Author = {Sudarshan, E. C. G. and Mathews, P. M. and Rau, Jayaseetha},
	Doi = {10.1103/PhysRev.121.920},
	Journal = {Phys. Rev.},
	Month = {Feb},
	Number = {3},
	Numpages = {4},
	Pages = {920--924},
	Publisher = {American Physical Society},
	Title = {Stochastic Dynamics of Quantum-Mechanical Systems},
	Volume = {121},
	Year = {1961},
	Bdsk-Url-1 = {http://dx.doi.org/10.1103/PhysRev.121.920}}


@article{Rodriguez08,
	Author = {C. A. Rodriguez-Rosario and E. C. G. Sudarshan},
	Date-Added = {2008-12-17 15:06:12 -0500},
	Date-Modified = {2008-12-17 15:08:55 -0500},
	Journal = {arXiv:0803.1183},
	Title = {Non-{M}arkovian Open Quantum Systems},
	Year = {2008}}

@article{alicki79,
	Author = {Robert Alicki},
	Date-Added = {2008-12-17 10:49:52 -0500},
	Date-Modified = {2008-12-17 11:07:09 -0500},
	Journal = {J. Phys. A: Math. Gen.},
	Keywords = {engine, quantum thermodynamics},
	Number = {5},
	Pages = {L103},
	Rating = {4},
	Title = {The quantum open system as a model of the heat engine},
	Volume = {12},
	Year = {1979}}

@book{Dirac58a,
	Author = {P.~A.~M. Dirac},
	Date-Added = {2008-04-01 09:21:20 -0500},
	Date-Modified = {2008-04-01 09:22:53 -0500},
	Publisher = {Oxford University Press},
	Title = {The Principles of Quantum Mechanics},
	Year = {1958}}

@article{Jordan62a,
	Author = {T.~F. Jordan and E.~C.~G.~Sudarshan},
	Date-Added = {2008-04-01 08:31:15 -0500},
	Date-Modified = {2008-04-01 14:34:10 -0500},
	Journal = {J. Math. Phys.},
	Pages = {1962},
	Title = {Dynamical Mappings of Density Operators in Quantum Mechanics. II. Time Dependent Mappings},
	Volume = {3},
	Year = {1962}}

@article{Jordan61a,
	Abstract = {The most general dynamical law for a quantum mechanical system is studied with particular reference to the necessary and sufficient conditions for such a law to represent Hamiltonian dynamics. The main results are stated in the form of three theorems.},
	Author = {T.~F. Jordan and E.~C.~G.~Sudarshan},
	Date-Added = {2008-04-01 08:28:29 -0500},
	Date-Modified = {2008-04-01 14:34:03 -0500},
	Journal = {J. Math. Phys.},
	Pages = {772},
	Title = {Dynamical Mappings of Density Operators in Quantum Mechanics},
	Volume = {2},
	Year = {1961}}
@Article{Lloyd96,
	author="Lloyd, Seth",
	title="Universal Quantum Simulators",
	journal="Science",
	year="1996",
	month="Aug",
	volume="273",
	pages="1073--8",
  	doi = {10.1126/science.273.5278.1073},
}
@article{Lloyd95a,
	Abstract = {It is shown that if one can apply some Hamiltonian repeatedly to a few variables
		at a time one can in general effect any desired unitary time evolution
		on an arbitrarily large number of variables. As a result, almost any quantum
		logic gate with two or more inputs is computationally universal in that
		copies of the gate can be "wired together" to effect any desired logic
		circuit, and to perform any desired unitary transformation on a set of
		quantum variables.},
	Author = {Lloyd, S. },
	Date-Added = {2008-03-22 16:10:47 -0500},
	Date-Modified = {2008-04-23 15:38:36 -0500},
	Journal = {Phys. Rev. Lett.},
	Pages = {346-349},
	Title = {Almost Any Quantum Logic Gate is Universal},
	Volume = {75},
	Year = {1995}}

@article{Merkli05a,
	Abstract = {A quantum system $\s$ interacts in a successive way with elements $\ee$
		of a chain of identical independent quantum subsystems. Each interaction
		lasts for a duration $\tau$ and is governed by a fixed coupling between
		$\s$ and $\ee$. We show that the system, initially in any state close to
		a reference state, approaches a {\it repeated interaction asymptotic state}
		in the limit of large times. This state is $\tau$--periodic in time and
		does not depend on the initial state. If the reference state is chosen
		so that $\s$ and $\ee$ are individually in equilibrium at positive temperatures,
		then the repeated interaction asymptotic state satisfies an average second
		law of thermodynamics.},
	Author = {Bruneau, L. and Joye, L. and Merkli, M.},
	Date-Added = {2008-03-22 16:10:47 -0500},
	Date-Modified = {2008-04-30 11:51:24 -0500},
	Journal = {Journal of Functional Analysis},
	Pages = {310},
	Title = {Asymptotics of repeated interaction quantum systems},
	Volume = {239},
	Year = {2006}}

@article{Glaser00a,
	Author = {N. Khaneja and S. J. Glaser},
	Date-Added = {2008-03-22 16:10:47 -0500},
	Date-Modified = {2008-04-23 15:43:47 -0500},
	Journal = {quant-ph/0502173},
	Title = {Cartan Decomposition of {SU}(2{N}), Constructive Controllability of Spin Systems   and Universal Quantum Computing},
	Year = {2000}}

@article{Bennett96a,
	Author = {C. H. Bennett and H. J. Bernstein and S. Popescu and B. Schumacher},
	Date-Added = {2008-03-22 16:10:47 -0500},
	Date-Modified = {2008-03-22 16:10:47 -0500},
	Journal = {Phys. Rev. A},
	Pages = {2046},
	Title = {Concentrating partial entanglement by local operations},
	Volume = {53},
	Year = {1996}}

@article{Schrodinger35a,
	Author = {Schr{\"o}dinger, E.},
	Date-Added = {2008-03-22 16:10:47 -0500},
	Date-Modified = {2008-04-23 16:24:38 -0500},
	Journal = {Proc. Camb. Phil. Soc.},
	Pages = {555-563},
	Title = {Discussion of Probability Relations Between Separated Systems},
	Volume = {31},
	Year = {1935}}

@article{Viola99a,
	Abstract = {We propose a novel dynamical method for beating decoherence and dissipation
		in open quantum systems. We demonstrate the possibility of filtering out
		the effects of unwanted (not necessarily known) system-environment interactions
		and show that the noise-suppression procedure can be combined with the
		capability of retaining control over the effective dynamical evolution
		of the open quantum system. Implications for quantum information processing
		are discussed.},
	Author = {Viola, L. and Knill, E. and Lloyd, S.},
	Date-Added = {2008-03-22 16:10:47 -0500},
	Date-Modified = {2008-04-23 15:50:49 -0500},
	Journal = {Phys. Rev. Lett.},
	Pages = {2417-2421},
	Title = {Dynamical Decoupling of Open Quantum Systems},
	Volume = {82},
	Year = {1999}}

@ARTICLE{Schmidt-Kaler2003,
  author = {F. Schmidt-Kaler and H. Haffner and M. Riebe and S.
	Gulde and G. P. T. Lancaster and Thomas Deuschle and C.
	Becher and C. F. Roos and J. Eschner and R. Blatt},
  title = {Realization of the {Cirac-Zoller} controlled-{\sc not} quantum gate},
  journal = {Nature},
  year = {2003},
  volume = {422},
  pages = {408}
}
@ARTICLE{Plantenberg07,
  author = {J. H. Plantenberg and P. C. de Groot and C. J. P. M. Harmans and
	J. E. Mooij},
  title = {Demonstration of controlled-{\sc not} quantum gates on a pair of
	superconducting quantum bits},
  journal = {Nature},
  year = {2007},
  volume = {447},
  pages = {836--839}
}

@ARTICLE{Pashkin03,
  author = {Yu. A. Pashkin and T. Yamamoto and O. Astafiev and Y. Nakamura and
	D. V. Averin and J. S. Tsai},
  title = {Quantum oscillations in two coupled charge qubits},
  journal = {Nature},
  year = {2003},
  volume = {421},
  pages = {823}
}
@ARTICLE{Migdal04,
  author = {A. Migdal and J. Dowling},
  title = {Special issue: {S}ingle-photon: detectors, applications, and measurement
	methods},
  journal = {J. Mod. Opt.},
  year = {2004},
  volume = {51}
}
@ARTICLE{Grangier04,
  author = {P. Grangier and B. Sanders and J. Vu{\v{c}}kovi{\'c}},
  title = {Special issue: Focus on Single Photons on Demand},
  journal = {New J. Phys.},
  year = {2004},
  volume = {6}
}
@ARTICLE{Lanyon07,
  author = {B. P. Lanyon and T. J. Weinhold and N. K. Langford and M. Barbieri
	and D. F. V. James and A. Gilchrist and A. G. White},
  title = {Experimental Demonstration of a Compiled Version of {S}hor's Algorithm
	with Quantum Entanglement},
  journal = {Phys. Rev. Lett.},
  year = {2007},
  volume = {99},
  pages = {250505}
}


@ARTICLE{Lanyon09,
  author = {B. P. Lanyon and M. Barbieri and M. P. Almeida and
	T. Jennewein and T. C. Ralph and K. J. Resch and Geoff
	J. Pryde and J. L. O'Brien and A. Gilchrist and A. G.
	White},
  title = {Simplifying quantum logic using higher-dimensional {H}ilbert spaces},
  journal = {Nature Phys.},
  year = {2009},
  volume = {5},
  pages = {134--140}
}

@article{Vidal03,
	Abstract = {We present a classical protocol to efficiently simulate any pure-state quantum
		computation that involves only a restricted amount of entanglement. More
		generally, we show how to classically simulate pure-state quantum computations
		on n qubits by using computational resources that grow linearly in n and
		exponentially in the amount of entanglement in the quantum computer. Our
		results imply that a necessary condition for an exponential computational
		speedup (with respect to classical computations) is that the amount of
		entanglement increases with the size n of the computation, and provide
		an explicit lower bound on the required growth.},
	Author = {G Vidal},
	Date-Added = {2008-03-22 16:10:47 -0500},
	Date-Modified = {2008-03-22 16:10:47 -0500},
	Journal = {Phys. Rev. Lett.},
	Pages = {147902},
	Title = {Efficient Classical Simulation of Slightly Entangled Quantum Computations},
	Volume = {91},
	Year = {2003}}

@article{Byrd05a,
	Author = {Mandilara, A. and Clark, J. W. and Byrd, M. S. },
	Date-Added = {2008-03-22 16:10:47 -0500},
	Date-Modified = {2008-04-23 15:45:29 -0500},
	Journal = {J. Opt. B: Quantum Semiclass. Opt.},
	Pages = {S277},
	Title = {Elliptical orbits in the {B}loch sphere},
	Volume = {7},
	Year = {2005}}

@article{Vidal01a,
	Abstract = {We quantify the capability of creating entanglement for a general physical
		interaction acting on two qubits. We give a procedure for optimizing the
		generation of entanglement. We also show that a Hamiltonian can create
		more entanglement if one uses auxiliary systems.},
	Author = {D{\"u}r, W. and Vidal, G. and Cirac, J. I. and Linden, N. and Popescu, S.},
	Date-Added = {2008-03-22 16:10:47 -0500},
	Date-Modified = {2008-04-23 16:26:53 -0500},
	Journal = {Phys. Rev. Lett.},
	Pages = {2001},
	Title = {Entanglement Capabilities of Nonlocal {H}amiltonians},
	Volume = {87},
	Year = {137901}}

@article{Wootters98a,
	Abstract = {The entanglement of a pure state of a pair of quantum systems is defined
		as the entropy of either member of the pair. The entanglement of formation
		of a mixed state rho is the minimum average entanglement of an ensemble
		of pure states that represents rho . An earlier paper conjectured an explicit
		formula for the entanglement of formation of a pair of binary quantum objects
		(qubits) as a function of their density matrix, and proved the formula
		for special states. The present paper extends the proof to arbitrary states
		of this system and shows how to construct entanglement-minimizing decompositions.},
	Author = {Wootters, W. K.},
	Date-Added = {2008-03-22 16:10:47 -0500},
	Date-Modified = {2008-04-23 16:18:33 -0500},
	Journal = {Phys. Rev. Lett.},
	Pages = {2245-2248},
	Title = {Entanglement of Formation of an Arbitrary State of Two Qubits},
	Volume = {80},
	Year = {1998}}

@article{Ekert93a,
	Author = {M Zukowski and A Zeilinger and M~A Horne and A~K Ekert},
	Date-Added = {2008-03-22 16:10:47 -0500},
	Date-Modified = {2008-03-22 16:10:47 -0500},
	Journal = {Phys. Rev. Lett.},
	Pages = {4287-4290},
	Title = {``Event-ready-detectors'' Bell experiment via entanglement swapping},
	Volume = {71},
	Year = {1993}}
@BOOK{Horn05,
	author = {R. A. Horn and C. R. Johnson},
	title = {Matrix Analysis},
	publisher = {Cambridge University Press},
	year = {2005}
}


@article{NM06,
  author = {D. Nagaj and S. Mozes},
  title = {A new construction for a \qma complete 3-local {H}amiltonian},
  note = "\href{http://arxiv.org/abs/quant-ph/0612113}{\tt quant-ph/0612113}",
  year = {2006}
}
n

@ARTICLE{Kempe03qma,
  author = {J. Kempe and O. Regev},
  title = {3-Local {H}amiltonian is {QMA}-complete},
  journal = {Quantum Computation and Information},
  volume = {3},
  pages = {258},
  year = {2003}
}



@ARTICLE{MBZ06,
  author = {A. Micheli and G.K. Brennen and P. Zoller},
  title = {A toolbox for lattice spin models with polar molecules},
  journal = "Nature Phys.",
  volume = {2},
  pages = {341},
    note = "\href{http://arxiv.org/abs/quant-ph/0512222}{\tt quant-ph/0512222}",
  year = "2006"
}


@ARTICLE{J05,
  author = {D. Janzing},
  title = "Spin-1/2 particles moving on a 2D lattice with nearest-neighbor interactions can realize an autonomous quantum computer",
    journal =      "Phys. Rev. A",
  note = "\href{http://arxiv.org/abs/quant-ph/0506270}{\tt quant-ph/0506270}",
  volume = {75},
  pages = {012307},
  year = {2007}
}


@ARTICLE{SNS07,
  author = {S. Suzuki and H. Nishimori and M. Suzuki},
  title = "Quantum annealing of the random-field {I}sing model by transverse  ferromagnetic interactions",
  note = "\href{http://arxiv.org/abs/quant-ph/0702214}{\tt quant-ph/0702214}",
  year = {2007}
}


@ARTICLE{BBRA99,
  author = {J. Brooke and D. Bitko and T.F. Rosenbaum and G. Aeppli},
  title = {Quantum Annealing of a Disordered Magnet},
  journal = {Science},
  volume = {284},
  pages = {779},
  note = "\href{http://arxiv.org/abs/cond-mat/0105238}{\tt cond-mat/0105238}",
  year = {1999}
}

@article{Misra77,
	Abstract = {We seek a quantum-theoretic expression for the probability that an unstable
		particle prepared initially in a well defined state rho will be found to
		decay sometime during a given interval. It is argued that probabilities
		like this which pertain to continuous monitoring possess operational meaning.
		A simple natural approach to this problem leads to the conclusion that
		an unstable particle which is continuously observed to see whether it decays
		will never be found to decay!. Since recording the track of an unstable
		particle (which can be distinguished from its decay products) approximately
		realizes such continuous observations, the above conclusion seems to pose
		a paradox which we call Zeno's paradox in quantum theory. The relation
		of this result to that of some previous works and its implications and
		possible resolutions are briefly discussed. The mathematical transcription
		of the above-mentioned conclusion is a structure theorem concerning semigroups.
		Although special cases of this theorem are known, the general formulation
		and the proof given here are believed to be new. We also note that the
		known ''no-go'' theorem concerning the semigroup law for the reduced evolution
		of any physical system (including decaying systems) is subsumed under our
		theorem as a direct corollary. Journal of Mathematical Physics is copyrighted
		by The American Institute of Physics.},
	Author = {B. Misra and E. C. G. Sudarshan},
	Date-Modified = {2008-04-01 23:14:28 -0500},
	Journal = {J. Math. Phys.},
	Pages = {756},
	Title = {The {Z}eno's paradox in quantum theory},
	Volume = {18},
	Year = {1977}}

@ARTICLE{MSS01,
  author = {Y. Makhlin and G. Schoen and A. Shnirman},
  title = {Quantum state engineering with {J}osephson-junction devices},
  journal = {Rev. Mod. Phys.},
  note = "\href{http://arxiv.org/abs/cond-mat/0011269}{\tt cond-mat/0011269}",
  volume = {73},
  pages = {357},
  year = {2001}
}


@ARTICLE{MBY05,
   author = {{Maassen van den Brink}, A. and {Berkley}, A.J. and {Yalowsky}, M.},
    title = "{Mediated tunable coupling of flux qubits}",
  journal = {New J. Phys.},
     note =         "\href{http://arxiv.org/abs/cond-mat/0501148}{\tt cond-mat/0501148}",
     year = 2005,
    month = nov,
   volume = 7,
    pages = {230-+},
      doi = {10.1088/1367-2630/7/1/230},
   adsurl = {http://adsabs.harvard.edu/cgi-bin/nph-bib_query?bibcode=2005NJPh....7..230M&db_key=AST},
  adsnote = {Provided by the Smithsonian/NASA Astrophysics Data System}
}




@article{KGV83,
    author = "S. Kirkpatrick and others",
    title = "Optimization by Simulated Annealing",
    journal = "Science",
    number = "4598",
    month = "May",
    volume = "220",
    pages = "671--680",
    year = "1983",
    url = "citeseer.ist.psu.edu/kirkpatrick83optimization.html" }

@ARTICLE{BR06,
   author = {{Bartlett}, S.~D. and {Rudolph}, T.},
    title = "{Simple nearest-neighbor two-body {H}amiltonian system for which the ground state is a universal resource for quantum computation}",
  journal = {Phys. Rev. A},
     note =         "\href{http://arxiv.org/abs/quant-ph/0609002}{\tt quant-ph/0609002}",
     year = "2006",
    month = "oct",
   volume = "74",
   number = "4",
    pages = {040302}
}

@ARTICLE{AB03,
  author = {D.~V. Averin and C. Bruder},
  title = {Variable electrostatic transformer: controllable coupling of two charge qubits},
  journal = {Phys. Rev. Lett.},
  volume = {91},
  pages = {057003},
  note =  "\href{http://arxiv.org/abs/cond-mat/0304166}{\tt cond-mat/0304166}",
  year = {2003}
}


@ARTICLE{Sui05,
  AUTHOR =       "M. Stewart Siu",
  TITLE =        "From quantum circuits to adiabatic algorithms",
  journal =      {Phys. Rev. A},
  YEAR =         "2005",
  volume =       "71",
  pages =       "062314",
  note =         "\href{http://arxiv.org/abs/quant-ph/0409024}{\tt quant-ph/0409024}"
}




@ARTICLE{HG91,
  AUTHOR =       "W. Hioe and E. Goto",
  TITLE =        "Quantum Flux Parametron: a single quantum flux superconducting logic device",
  JOURNAL =      "World Scientific",
  YEAR =         "1991"
}



@ARTICLE{WB03,
  author = {P. Wocjan and T. Beth},
  title = {The 2-local {H}amiltonian problem encompasses {\np}},
  journal = {International Journal of Quantum Information},
  volume = {1},
  number = {3},
  pages = {349-357},
  note = "\href{http://arxiv.org/abs/quant-ph/0301087}{\tt quant-ph/0301087}",
  year = {2003}
}


@ARTICLE{WZ06,
  author = {P. Wocjan and S. Zhang},
  title = {Several natural {\BQP}-Complete problems},
  note = "\href{http://arxiv.org/abs/quant-ph/0606179}{\tt quant-ph/06061796}",
  journal = {},
  year = {2006}
}


@ARTICLE{Liu06,
  author = {Yi-Kai Liu},
  title = {Consistency of Local Density Matrices is {\qma}-complete},
  note = "\href{http://arxiv.org/abs/quant-ph/0604166}{\tt quant-ph/0604166}",
  JOURNAL = {},
  year = {2006}
}


@ARTICLE{Weg87,
  AUTHOR =       "I. Wegener",
  TITLE =        "The Complexity of Boolean Functions",
  JOURNAL =      "Wiley-Teubner",
  YEAR =         "1987",
  note = "online at:~\href{http://eccc.hpi-web.de/eccc-local/ECCC-Books/wegener_book_readme.html}{\tt http://eccc.hpi-web.de/}"
}



@BOOK{Kitaev02,
        author="A. Kitaev and A. Shen and M. Vyalyi",
        year="2002",
        title="Classical and quantum computation",
        publisher="American Mathematics Society, Graduate Studies in Mathematics",
        volume="47",
}
@ARTICLE{Wiesner96,
	author = {S. Wiesner},
	title = {Simulations of Many-Body Quantum Systems by a Quantum Computer},
	journal = {arXiv:quant-ph/9603028},
	volume = {},
	pages = {},
	year = {1996},
	otherinfo = {}
}

@ARTICLE{Aharonov02,
        AUTHOR ="D. Aharonov and T. Naveh",
        YEAR = "2002",
        TITLE = "Quantum \np",
        JOURNAL = "",
        volume="",
        pages="",
        note = "\href{http://arxiv.org/abs/quant-ph/0210077}{\tt quant-ph/0210077}"
}



% Quantum Adiabatic Evolution Algorithms with Different Paths
@ARTICLE{Farhi02,
        author="E. Farhi and J. Goldstone and S. Gutmann",
        year="2002",
        title="Quantum Computation by Adiabatic Evolution",
        journal="MIT-CTP-3297",
        note="\href{http://arxiv.org/abs/quant-ph/0001106}{\tt quant-ph/0001106}",
}

@ARTICLE{Farhi01,
	author = {E. Farhi and  J. Goldstone and  S. Gutmann and  J. Lapan and  A. Lundgren and  D. Preda},
	title = {A Quantum Adiabatic Evolution Algorithm Applied to Random Instances of an {NP}-Complete Problem },
	journal = {Science},
	year = {2001},
	volume={292},
	pages={472}
}
%Quantum Computing and Quantum Bits in Mesoscopic Systems
@ARTICLE{KL03,
        author="W. M. Kaminsky and S. Lloyd",
        year="2003",
        title="Scalable Architecture for Adiabatic Quantum Computing of {\np}-Hard Problems",
        journal="Kluwer Academic",
        note = "\href{http://arxiv.org/abs/quant-ph/0211152}{\tt quant-ph/0211152}"
}

@ARTICLE{KLO06,
        author="W. M. Kaminsky and S. Lloyd and T. P. Orlando",
        title="Scalable Superconducting Architecture for Adiabatic Quantum Computation",
        year="2006",
        journal="",
        note = ":~\href{http://arxiv.org/abs/quant-ph/0403090}{\tt quant-ph/0403090}"
}





@ARTICLE{AMvdBcoupler,
    author = "A. {Maassen van den Brink} and A. J. Berkley and M. Yalowsky",
    year = "2005",
    journal = "New Journal of Physics",
    volume = "7",
    pages = "230",
    note = "\href{http://arxiv.org/abs/cond-mat/0501148}{\tt cond-mat/0501148}"
}





@ARTICLE{Abrams99,
        author="D. Abrams and S. Lloyd",
        year="1999",
	title={Quantum Algorithm Providing Exponential Speed Increase for Finding Eigenvalues and Eigenvectors},
        journal="Phys. Rev. Lett.",
        volume="83",
        pages="5162-5165",
        month = "13 December",
        number = "24",
        
}

@ARTICLE{SvDH+03,
        author="M. Steffen  and  W. van Dam  and  T. Hogg  and  G. Breyta and I. Chuang",
        year="2003",
        journal="Phys. Rev. Lett.",
        volume="90",
        title="Experimental implementation of an adiabatic quantum optimization algorithm",
        pages="067903",
        number = "6",
        month = "14 February",
        note="\href{http://arxiv.org/abs/quant-ph/0302057}{\tt quant-ph/0302057}"
}


@Book{Rosen99,
  AUTHOR =       "K. Rosen",
  TITLE =        "Discrete Mathematics and Its Applications",
  publisher =      "McGraw-Hill",
  YEAR =         "1999"
}


@ARTICLE{Roland02,
  AUTHOR =       "J. Roland and N. J. Cerf",
  TITLE =        "Quantum Search by Local Adiabatic Evolution",
  journal =      "Phys. Rev. A",
  YEAR =         "2002",
  volume =       "65",
  number =       "042308",
  pages =        "",
  month =        "",
  note = "\href{http://arxiv.org/abs/quant-ph/0107015}{\tt quant-ph/0107015}"
}



@ARTICLE{Xiu07,
  author = {L. Xiu-Mei and L. Jun and S. Xian-Ping},
  title = {Experimental Realizations of Arbitrary Accuracy Iterative Phase Estimation Algorithms on a Ensemble Quantum Computers },
  journal = {Chinese Phys. Lett.},
  year = {2007},
  volume = {24},
  pages = {3316}
}

@ARTICLE{Brown06,
	author = {K. R. Brown and R. J. Clark and I. L. Chuang},
	title = {Limitations of Quantum Simulation Examined by Simulating a Pairing {H}amiltonian using Nuclear Magnetic Resonance},
	journal = {Phys. Rev. Lett.},
	year = {2006},
	volume={97},
	pages={050504},
doi = {10.1103/PhysRevLett.97.050504}
}
@ARTICLE{Feynman82,
  AUTHOR =       "R. Feynman",
  JOURNAL =      "Int. J. Theoretical Phys.",
  YEAR =         "1982",
  volume =       "21",
  pages =        "467",
  title={Simulating physics with computers}
}
@ARTICLE{Bennett03,
	author = {C. H. Bennett},
	title = {Notes on {L}andauer's principle, reversible computation and {M}axwell's demon},
	journal = {Studies Hist. Phil. Mod. Phys.},
	year = {2003},
	pages={501-510},
	volume={34},
}

@ARTICLE{Bennett97,
  AUTHOR =       "C. H. Bennett and E. Bernstein and G. Brassard and U. Vazirani",
  TITLE =        "Strengths and weaknesses of quantum computing",
  journal =      "SIAM J. Computing",
  YEAR =         "1997",
  volume =       "26",
  number =       "5",
  pages =        "1510-1524",
  month =        "",
}

@ARTICLE{Grover97,
  AUTHOR =       "L. K. Grover",
  TITLE =        "Quantum Mechanics helps in searching for a needle in a haystack",
  journal =      "Phys. Rev. Lett.",
  YEAR =         "1997",
  volume =       "79",
  number =       "",
  pages =        "325",
  month =        "",
}
		
@ARTICLE{Wat00,
  AUTHOR =       "J. Watrous",
  TITLE =        "Succinct quantum proofs for properties of finite groups",
  JOURNAL =      "in Proc. IEEE FOCS",
  YEAR =         "2000",
  pages =        "",
  note = "\href{http://arxiv.org/abs/CC/0009002}{\tt arXiv:cs.CC/0009002}"
}
%
@article{Terhal00,
	title = {Problem of equilibration and the computation of correlation functions on a quantum computer},
	volume = {61},
	issn = {1050-2947},
	doi = {{10.1103/PhysRevA.61.022301}},
	number = {2},
	journal = {Phys. Rev. A},
	author = {B. M. Terhal and D. P. {DiVincenzo}},
	year = {2000}
}


@ARTICLE{Bravyi08,
  AUTHOR =       "S. Bravyi and D. DiVincenzo and R. Oliveira and B. Terhal",
  TITLE =        "The Complexity of Stoquastic Local {H}amiltonian Problems",
  journal =      "Quant. Inf. Comp.",
  YEAR =         "2008",
  volume={8},
  pages={0361},
}

@ARTICLE{Bravyi08perturb,
title = {Quantum Simulation of Many-Body {H}amiltonians Using Perturbation Theory with Bounded-Strength Interactions},
  author = {Bravyi, S.  and DiVincenzo, D. P. and Loss, D.  and Terhal, B. M.},
  journal = {Phys. Rev. Lett.},
  volume = {101},
  number = {7},
  pages = {070503},
  numpages = {4},
  year = {2008},
  doi = {10.1103/PhysRevLett.101.070503},
  publisher = {American Physical Society}
}



@ARTICLE{Lomont04,
  AUTHOR =       "C. Lomont",
  TITLE =        "The Hidden Subgroup Problem - Review and Open Problems",
  JOURNAL =      "add citation",
  YEAR =         "2004",
  volume =       "",
  number =       "",
  pages =        "",
  month =        "",
  note = "\href{http://arxiv.org/abs/quant-ph/0411037}{\tt quant-ph/0411037}"
}
@article{Kitaev95,
	author="Kitaev, A.",
	title={Quantum Measurements and the Abelian Stabilizer Problem},
	journal="arXiv:quant-ph/9511026",
	year="1995"
}
@ARTICLE{Kempe06,
  AUTHOR =       "J. Kempe and A. Kitaev and O. Regev",
  title = {The complexity of the local {H}amiltonian problem},
  journal =      "SIAM J. Computing",
  YEAR =         "2006",
  volume =       "35",
  number =       "5",
  pages =        "1070-1097",
}

@ARTICLE{Varga08,
  author = {Varga, P{\'e}ter and Apagyi, Barnab{\'a}s},
  title = {Phase estimation procedure to solve quantum-mechanical eigenvalue
	problems},
  journal = {Phys. Rev. A},
  year = {2008},
  volume = {78},
  pages = {022337}
}
formerly Oliveira06,
@ARTICLE{Oliveira08,
  AUTHOR =       "R. Oliveira and B. Terhal",
  journal =      "Quant. Inf. Comp.",
  YEAR =         "2008",
  volume =       "8",
  pages =        "0900",
  title={The complexity of quantum spin systems on a two-dimensional square lattice}
}

@article{Shor97,
	Author = {P. W. Shor},
	journal = {SIAM J. Sci. Statist. Comput.},
	Pages = {1484},
	Title = {Polynomial-Time Algorithms for Prime Factorization and Discrete   Logarithms on a Quantum Computer},
	Volume = {26},
	Year = {1997}}

@ARTICLE{Barenco95,
  AUTHOR =       "A. Barenco and C. H. Bennett and R. Cleve and D. DiVincenzo and N. Margolus and P. Shor and T. Sleator and J. Smolin and H. Weinfurter",
  TITLE =        "Elementary gates of quantum computation",
  journal =      "Phys. Rev. A",
  YEAR =         "1995",
  volume =       "5",
  number =       "52",
  pages =        "3457",
  month =        "",
}
@article{Waugh68,
  title={Approach to high-resolution {NMR} in solids},
  author={Waugh, J.S. and Huber, L.M. and Haeberlen, U.},
  journal={Phys. Rev. Lett.},
  volume={20},
  number={5},
  pages={180--182},
  year={1968},
  doi = {10.1103/PhysRevLett.20.180}
}

@book{Breuer02,
	Author = {Breuer, H.-P. and Petruccione, F.},
	Date-Modified = {2008-04-23 15:55:50 -0500},
	Keywords = {open quantum systems},
	Month = {New York},
	Publisher = {Oxford University Press},
	Title = {The theory of open quantum systems},
	Year = {2002},
	}
@article{Lester09,
	title = {Quantum {M}onte {C}arlo for atoms, molecules and solids},
	volume = {478},
	journal = {Chem. Phys. Lett.},
	author = {{Lester Jr.}, W. A. and L. Mitas and B. Hammond},
	year = {2009},
	pages = {1--10},
doi = {10.1016/j.cplett.2009.06.095}
}
@article{Niskanen07,
author = {Niskanen, A. O. and Harrabi, K. and Yoshihara, F. and Nakamura, Y. and Lloyd, S. and Tsai, J. S.},
title = {Quantum Coherent Tunable Coupling of Superconducting Qubits},
journal = {Science},
volume = 316,
number = 5825,
pages = {723-726},
doi = {10.1126/science.1141324},
year = 2007,
}


@EPRINT{Gottesman09,
	author = {D. Gottesman},
	title={An Introduction to Quantum Error Correction and Fault-Tolerant Quantum Computation},
    url ={ http://arxiv.org/abs/0904.2557},
    preprint = {preprint, arXiv:0904.2557},
	year = {2009},
}

@INPROCEEDINGS{Metodi+05,
	author = {T. S. Metodi and D. D. Thaker and A. W. Cross and F. T. Chong and I. L. Chuang},
	booktitle = {Proceeding of the 38th Annual IEEE/ACM International Symposium on Microarchitechture},
	pages={305-316},
	year = {2005},
	note={also \textit{arXiv:quant-ph/0509051}}
}

@article{Kitaev97,
	Author = {A. Yu. Kitaev},
	journal = {Russian Math. Surveys},
	Pages = {1191},
	Volume = {52},
	Year = {1997}}



@ARTICLE{Bernstein97,
  AUTHOR =       "E. Bernstein and U. Vazirani",
  TITLE =        "Quantum Complexity Theory",
  journal =      "SIAM J. Computing",
  YEAR =         "1997",
  volume =       "26",
  number =       "5",
  pages =        "1411-1473",
}

@ARTICLE{Ambainis06,
  AUTHOR =       "A. Ambainis and O. Regev",
  TITLE =        "An Elementary Proof of the Quantum Adiabatic Theorem",
  JOURNAL =      "",
  YEAR =         "2006",
  volume =       "",
  number =       "",
  pages =        "",
  month =        "",
  note = "\href{http://arxiv.org/abs/quant-ph/0411152}{\tt quant-ph/0411152}"
}
~[{\em ","} SIAM. J. Comput. Vol. 10., No. 1, (1981)].


@ARTICLE{Bennett81,
  AUTHOR =       "C. H. Bennett and J. Gill",
  TITLE =        "Relative to a random oracle {$A$, $\p^A\neq~\np^A\neq~co-\np^A$} with probability 1",
  journal =      "SIAM J. Computing",
  YEAR =         "1981",
  volume =       "10",
  number =       "1",
  pages =        "pages?",
  month =        "month?",
  note = "\href{http://arxiv.org/abs/quant-ph/9703054}{\tt link to CHB webpage}"
}

@ARTICLE{Brown90,
  AUTHOR = "F.M. Brown",
  TITLE = "Boolean Reasoning{:} the logic of Boolean Equations",
  JOURNAL = "Kluwer Academic Publishers",
  YEAR = "1990"
}




@MISC{PyQ,
	Title="Python Quantum Chemistry ({P}y{Q}uante) program, version 1.6",
	AUTHOR="R. P. Muller",
	publisher={(Sandia National Laboratories},
        address={Albuquerque, NM},
	YEAR="(2007)"
}
